<record><header><identifier>oai:alma.41SLSP_UGE:991000016049705502</identifier><datestamp>2024-09-21T00:22:31Z</datestamp><setSpec>uge_bcen_RapidILL_BOOK</setSpec><setSpec>uge_aaca_RapidILL_BOOK</setSpec><setSpec>uge_abels_RapidILL_BOOK</setSpec><setSpec>uge_dbu_RapidILL_BOOK</setSpec><setSpec>uge_cmu_RapidILL_BOOK</setSpec><setSpec>uge_mail_RapidILL_BOOK</setSpec><setSpec>uge_abbat_RapidILL_BOOK</setSpec><setSpec>UNIGE_ALL</setSpec><setSpec>uge_aobs_RapidILL_BOOK</setSpec><setSpec>uge_acar_RapidILL_BOOK</setSpec></header><metadata>
<record xmlns="http://www.loc.gov/MARC21/slim" xmlns:xsi="http://www.w3.org/2001/XMLSchema-instance" xsi:schemaLocation="http://www.loc.gov/MARC21/slim http://www.loc.gov/standards/marcxml/schema/MARC21slim.xsd"><leader>01598nam a2200469 c 4500</leader><controlfield tag="001">991000016049705502</controlfield><controlfield tag="005">20240920190748.0</controlfield><controlfield tag="008">201011s1980    xxu||||| |||| 00| ||eng d</controlfield><datafield ind1=" " ind2=" " tag="019"><subfield code="a">Kao, Ming., 1305-</subfield><subfield code="5">NEBIS/Medea 16.02.2011</subfield></datafield><datafield ind1=" " ind2=" " tag="019"><subfield code="a">RekatMedea: UOASA Autor nicht im Index</subfield><subfield code="5">NEBIS/19.10.2005 Medea</subfield></datafield><datafield ind1=" " ind2=" " tag="020"><subfield code="a">0231047606</subfield></datafield><datafield ind1=" " ind2=" " tag="020"><subfield code="a">0231047614</subfield><subfield code="q">pbk.</subfield></datafield><datafield ind1=" " ind2=" " tag="035"><subfield code="a">(swissbib)220880395-41slsp_network</subfield></datafield><datafield ind1=" " ind2=" " tag="035"><subfield code="a">220880395</subfield><subfield code="9">ExL</subfield></datafield><datafield ind1=" " ind2=" " tag="035"><subfield code="a">(RERO)R275152660-41slsp</subfield></datafield><datafield ind1=" " ind2=" " tag="035"><subfield code="a">(NEBIS)002918195EBI01</subfield></datafield><datafield ind1=" " ind2=" " tag="035"><subfield code="a">(IDSBB)000790974DSV01</subfield></datafield><datafield ind1=" " ind2=" " tag="035"><subfield code="a">(NEBIS)008180525EBI01</subfield></datafield><datafield ind1=" " ind2=" " tag="035"><subfield code="a">(EXLNZ-41SLSP_NETWORK)991054489939705501</subfield></datafield><datafield ind1=" " ind2=" " tag="040"><subfield code="a">RERO geulch</subfield><subfield code="d">CH-ZuSLS</subfield></datafield><datafield ind1="1" ind2=" " tag="041"><subfield code="a">eng</subfield><subfield code="h">chi</subfield></datafield><datafield ind1=" " ind2="7" tag="072"><subfield code="a">or</subfield><subfield code="2">rero</subfield></datafield><datafield ind1=" " ind2="7" tag="072"><subfield code="a">pp</subfield><subfield code="2">SzZuIDS BS/BE</subfield></datafield><datafield ind1="0" ind2="0" tag="082"><subfield code="a">895.1/2/4</subfield><subfield code="2">18</subfield></datafield><datafield ind1="1" ind2=" " tag="100"><subfield code="a">Gao, Ming</subfield><subfield code="d">ca. 1306-1359</subfield><subfield code="0">(RERO)A018040984</subfield><subfield code="4">cre</subfield></datafield><datafield ind1="1" ind2="0" tag="245"><subfield code="a">&lt;&lt;The&gt;&gt; lute</subfield><subfield code="b">Kao Ming's P'i-p'a chi</subfield><subfield code="c">transl. by Jean Mulligan</subfield></datafield><datafield ind1=" " ind2="1" tag="264"><subfield code="a">New York</subfield><subfield code="b">Columbia University Press</subfield><subfield code="c">1980</subfield></datafield><datafield ind1=" " ind2=" " tag="300"><subfield code="a">317 p.</subfield><subfield code="c">23 cm</subfield></datafield><datafield ind1=" " ind2=" " tag="336"><subfield code="b">txt</subfield><subfield code="2">rdacontent</subfield></datafield><datafield ind1=" " ind2=" " tag="337"><subfield code="b">n</subfield><subfield code="2">rdamedia</subfield></datafield><datafield ind1=" " ind2=" " tag="338"><subfield code="b">nc</subfield><subfield code="2">rdacarrier</subfield></datafield><datafield ind1="1" ind2=" " tag="490"><subfield code="a">Translations from the Oriental classics</subfield></datafield><datafield ind1=" " ind2=" " tag="500"><subfield code="a">Traduit de: Pipaji</subfield></datafield><datafield ind1=" " ind2=" " tag="500"><subfield code="a">Originaltitel: Pi-pa chi</subfield></datafield><datafield ind1=" " ind2="0" tag="650"><subfield code="a">Chinese drama</subfield><subfield code="x">Translations into English</subfield></datafield><datafield ind1=" " ind2="0" tag="650"><subfield code="a">English drama</subfield><subfield code="x">Translations from Chinese</subfield></datafield><datafield ind1=" " ind2=" " tag="690"><subfield code="a">Ethnomusikologie</subfield><subfield code="2">ubs-A9</subfield></datafield><datafield ind1="1" ind2=" " tag="700"><subfield code="a">Kao, Ming</subfield></datafield><datafield ind1="1" ind2=" " tag="700"><subfield code="a">Mulligan, Jean</subfield><subfield code="0">(RERO)A006141167</subfield></datafield><datafield ind1=" " ind2=" " tag="830"><subfield code="a">Translations from the Oriental Classics</subfield><subfield code="w">(RERO)0157301-41slsp</subfield></datafield><datafield ind1=" " ind2=" " tag="900"><subfield code="a">REROnoselfmerge</subfield></datafield><datafield ind1=" " ind2=" " tag="900"><subfield code="a">IDSZRMedeaZBZ</subfield><subfield code="b">IDSZRSWK</subfield></datafield><datafield ind1=" " ind2=" " tag="900"><subfield code="a">IDSU2remark</subfield><subfield code="f">IDSU2medea</subfield></datafield></record>
</metadata></record>