<record><header><identifier>oai:alma.41SLSP_UGE:991000015629705502</identifier><datestamp>2023-06-28T00:12:39Z</datestamp><setSpec>uge_bcen_RapidILL_BOOK</setSpec><setSpec>uge_aaca_RapidILL_BOOK</setSpec><setSpec>uge_abels_RapidILL_BOOK</setSpec><setSpec>uge_dbu_RapidILL_BOOK</setSpec><setSpec>uge_cmu_RapidILL_BOOK</setSpec><setSpec>uge_mail_RapidILL_BOOK</setSpec><setSpec>uge_abbat_RapidILL_BOOK</setSpec><setSpec>UNIGE_ALL</setSpec><setSpec>uge_aobs_RapidILL_BOOK</setSpec><setSpec>uge_acar_RapidILL_BOOK</setSpec></header><metadata>
<record xmlns="http://www.loc.gov/MARC21/slim" xmlns:xsi="http://www.w3.org/2001/XMLSchema-instance" xsi:schemaLocation="http://www.loc.gov/MARC21/slim http://www.loc.gov/standards/marcxml/schema/MARC21slim.xsd"><leader>02074nam a2200469 c 4500</leader><controlfield tag="001">991000015629705502</controlfield><controlfield tag="005">20230619205926.0</controlfield><controlfield tag="008">000910m19332015gw ||||| |||| 00| ||lat d</controlfield><datafield ind1=" " ind2=" " tag="035"><subfield code="a">(swissbib)079317359-41slsp_network</subfield></datafield><datafield ind1=" " ind2=" " tag="035"><subfield code="a">079317359</subfield><subfield code="9">ExL</subfield></datafield><datafield ind1=" " ind2=" " tag="035"><subfield code="a">(RERO)0484546-41slsp</subfield></datafield><datafield ind1=" " ind2=" " tag="035"><subfield code="a">(EXLNZ-41SLSP_NETWORK)991075219639705501</subfield></datafield><datafield ind1=" " ind2=" " tag="040"><subfield code="a">RERO</subfield><subfield code="d">CH-ZuSLS</subfield></datafield><datafield ind1=" " ind2="7" tag="072"><subfield code="a">ha</subfield><subfield code="2">rero</subfield></datafield><datafield ind1="1" ind2=" " tag="080"><subfield code="a">937(03)</subfield></datafield><datafield ind1="0" ind2="0" tag="245"><subfield code="a">Prosopographia Imperii Romani Saec. I. II. III</subfield><subfield code="c">consilio et auctoritate Academiae scientiarum Rei publicae Democraticae Germanicae ; iteratis curis ed. Edmundus Groag et Arthurus Stein, [deinde] Leiva Petersen</subfield></datafield><datafield ind1=" " ind2=" " tag="250"><subfield code="a">Ed. altera</subfield></datafield><datafield ind1=" " ind2="1" tag="264"><subfield code="a">Berolini</subfield><subfield code="a">Lipsiae</subfield><subfield code="b">W. de Gruyter</subfield><subfield code="c">1933-2015</subfield></datafield><datafield ind1=" " ind2=" " tag="300"><subfield code="a">8 t. en 12 vol.</subfield><subfield code="c">26 cm</subfield></datafield><datafield ind1=" " ind2=" " tag="336"><subfield code="b">txt</subfield><subfield code="2">rdacontent</subfield></datafield><datafield ind1=" " ind2=" " tag="337"><subfield code="b">n</subfield><subfield code="2">rdamedia</subfield></datafield><datafield ind1=" " ind2=" " tag="338"><subfield code="b">nc</subfield><subfield code="2">rdacarrier</subfield></datafield><datafield ind1="0" ind2="0" tag="505"><subfield code="g">Pars 1 :</subfield><subfield code="t">A-B. - 1933. - XVI, 375 p</subfield></datafield><datafield ind1="0" ind2="0" tag="505"><subfield code="g">Pars 2 :</subfield><subfield code="t">C. - 1936. - XXII, 399 p</subfield></datafield><datafield ind1="0" ind2="0" tag="505"><subfield code="g">Pars 3 :</subfield><subfield code="t">D-F. - 1943. - XV, 235 p</subfield></datafield><datafield ind1="0" ind2="0" tag="505"><subfield code="g">Pars 4 :</subfield><subfield code="t">G-I. - 1952-1966. - XI, 368 p</subfield></datafield><datafield ind1="0" ind2="0" tag="505"><subfield code="g">Pars 5, fasc. 1 :</subfield><subfield code="t">L. - 1970. - 118 p</subfield></datafield><datafield ind1="0" ind2="0" tag="505"><subfield code="g">Pars 5, fasc. 2 :</subfield><subfield code="t">M. - 1983. - VI p., p. 122-329. 3-11-008902-5</subfield></datafield><datafield ind1="0" ind2="0" tag="505"><subfield code="g">Pars 5, fasc. 3 :</subfield><subfield code="t">N-O. - 1987. - p. 332-484. 3-11-011070-9</subfield></datafield><datafield ind1="0" ind2="0" tag="505"><subfield code="g">Pars 6 :</subfield><subfield code="t">P. - 1998. - XXIII, 453 p. 3-11-015048-4</subfield></datafield><datafield ind1="0" ind2="0" tag="505"><subfield code="g">Pars 7, fasc. 1:</subfield><subfield code="t">Q - Rutotianus. - 1999. - XIX, 143 p. 3-11-016743-3</subfield></datafield><datafield ind1="0" ind2="0" tag="505"><subfield code="g">Pars 7, fasc. 2:</subfield><subfield code="t">S.- 2006.- 382 p. 3-11-019316-7</subfield></datafield><datafield ind1="0" ind2="0" tag="505"><subfield code="g">Pars 8, fasc. 1 :</subfield><subfield code="t">T. - 2009. - ISBN 978-3-11-020295-3</subfield></datafield><datafield ind1="0" ind2="0" tag="505"><subfield code="g">Pars 8, fasc. 2:</subfield><subfield code="t">V-Z. - 2015. - ISBN 978-3-11-044623-4</subfield></datafield><datafield ind1=" " ind2="7" tag="650"><subfield code="a">Noms de personnes</subfield><subfield code="0">(IDREF)027243672</subfield><subfield code="2">idref</subfield></datafield><datafield ind1=" " ind2="7" tag="650"><subfield code="a">Prosopographie</subfield><subfield code="0">(IDREF)027546160</subfield><subfield code="2">idref</subfield></datafield><datafield ind1=" " ind2="7" tag="650"><subfield code="a">1er siècle-3e siècle</subfield><subfield code="2">idref</subfield></datafield><datafield ind1=" " ind2="7" tag="651"><subfield code="a">Rome</subfield><subfield code="0">(IDREF)027243001</subfield><subfield code="2">idref</subfield></datafield><datafield ind1=" " ind2="7" tag="655"><subfield code="a">Répertoires</subfield><subfield code="0">(IDREF)028662180</subfield><subfield code="2">idref</subfield></datafield><datafield ind1="1" ind2=" " tag="700"><subfield code="a">Groag, Edmund</subfield><subfield code="d">1873-1945</subfield><subfield code="0">(IDREF)03333093X</subfield></datafield><datafield ind1="1" ind2=" " tag="700"><subfield code="a">Stein, Arthur</subfield><subfield code="d">1871-1950</subfield><subfield code="0">(IDREF)03028872X</subfield></datafield><datafield ind1="1" ind2=" " tag="700"><subfield code="a">Petersen, Leiva</subfield><subfield code="d">1912-1992</subfield><subfield code="0">(IDREF)028456033</subfield></datafield><datafield ind1="2" ind2=" " tag="710"><subfield code="a">Akademie der Wissenschaften der DDR</subfield><subfield code="g">1972-1990</subfield><subfield code="0">(IDREF)026462370</subfield></datafield></record>
</metadata></record>