<record><header><identifier>oai:alma.41SLSP_UGE:991000016149705502</identifier><datestamp>2024-03-10T01:48:37Z</datestamp><setSpec>uge_bcen_RapidILL_BOOK</setSpec><setSpec>uge_aaca_RapidILL_BOOK</setSpec><setSpec>uge_abels_RapidILL_BOOK</setSpec><setSpec>uge_dbu_RapidILL_BOOK</setSpec><setSpec>uge_cmu_RapidILL_BOOK</setSpec><setSpec>uge_mail_RapidILL_BOOK</setSpec><setSpec>UNIGE_ALL</setSpec><setSpec>uge_abbat_RapidILL_BOOK</setSpec><setSpec>uge_acar_RapidILL_BOOK</setSpec><setSpec>uge_aobs_RapidILL_BOOK</setSpec></header><metadata>
<record xmlns="http://www.loc.gov/MARC21/slim" xmlns:xsi="http://www.w3.org/2001/XMLSchema-instance" xsi:schemaLocation="http://www.loc.gov/MARC21/slim http://www.loc.gov/standards/marcxml/schema/MARC21slim.xsd"><leader>05552nam a2200805 c 4500</leader><controlfield tag="001">991000016149705502</controlfield><controlfield tag="005">20240309103650.0</controlfield><controlfield tag="008">201012s2000    sz            00| | ger  </controlfield><datafield ind1=" " ind2=" " tag="020"><subfield code="a">3908545544</subfield></datafield><datafield ind1=" " ind2=" " tag="035"><subfield code="a">(swissbib)241321697-41slsp_network</subfield></datafield><datafield ind1=" " ind2=" " tag="035"><subfield code="a">241321697</subfield><subfield code="9">ExL</subfield></datafield><datafield ind1=" " ind2=" " tag="035"><subfield code="a">(IDSSG)000214083HSB01</subfield></datafield><datafield ind1=" " ind2=" " tag="035"><subfield code="a">(IDSBB)002026157DSV01</subfield></datafield><datafield ind1=" " ind2=" " tag="035"><subfield code="a">(IDSLU)000185455ILU01</subfield></datafield><datafield ind1=" " ind2=" " tag="035"><subfield code="a">(RERO)R267801660-41slsp</subfield></datafield><datafield ind1=" " ind2=" " tag="035"><subfield code="a">(NEBIS)003869814EBI01</subfield></datafield><datafield ind1=" " ind2=" " tag="035"><subfield code="a">(ALEX)bv80088439</subfield></datafield><datafield ind1=" " ind2=" " tag="035"><subfield code="a">(EXLNZ-41SLSP_NETWORK)991131570529705501</subfield></datafield><datafield ind1=" " ind2=" " tag="040"><subfield code="a">SzZuIDS HSG</subfield><subfield code="b">ger</subfield><subfield code="e">kids</subfield><subfield code="d">CH-ZuSLS</subfield></datafield><datafield ind1=" " ind2=" " tag="044"><subfield code="a">sz</subfield><subfield code="c">ch-sg</subfield></datafield><datafield ind1=" " ind2="7" tag="072"><subfield code="a">bw</subfield><subfield code="2">SzZuIDS BS/BE</subfield></datafield><datafield ind1=" " ind2="7" tag="072"><subfield code="a">171</subfield><subfield code="2">IDS LU</subfield></datafield><datafield ind1=" " ind2="7" tag="072"><subfield code="a">se</subfield><subfield code="2">rero</subfield></datafield><datafield ind1="0" ind2="4" tag="082"><subfield code="a">658.5</subfield><subfield code="2">22</subfield></datafield><datafield ind1=" " ind2=" " tag="084"><subfield code="a">QQ 250</subfield><subfield code="2">rvk</subfield></datafield><datafield ind1="0" ind2="0" tag="245"><subfield code="a">Dienstleistungskompetenz und innovative Geschäftsmodelle</subfield><subfield code="c">Hrsg.: Christian Belz, Thomas Bieger</subfield></datafield><datafield ind1=" " ind2="1" tag="264"><subfield code="a">St. Gallen</subfield><subfield code="b">THEXIS</subfield><subfield code="c">[2000]</subfield></datafield><datafield ind1=" " ind2="4" tag="264"><subfield code="c">© 2000</subfield></datafield><datafield ind1=" " ind2=" " tag="300"><subfield code="a">543 S.</subfield><subfield code="b">Ill.</subfield><subfield code="c">25 cm</subfield></datafield><datafield ind1=" " ind2=" " tag="336"><subfield code="b">txt</subfield><subfield code="2">rdacontent</subfield></datafield><datafield ind1=" " ind2=" " tag="337"><subfield code="b">n</subfield><subfield code="2">rdamedia</subfield></datafield><datafield ind1=" " ind2=" " tag="338"><subfield code="b">nc</subfield><subfield code="2">rdacarrier</subfield></datafield><datafield ind1="1" ind2=" " tag="490"><subfield code="a">Thexis. Fachbuch für Marketing</subfield><subfield code="v">2000</subfield></datafield><datafield ind1=" " ind2=" " tag="500"><subfield code="a">Register</subfield></datafield><datafield ind1=" " ind2="7" tag="650"><subfield code="a">Dienstleistungsmanagement</subfield><subfield code="x">Innovation</subfield><subfield code="2">idsbb</subfield></datafield><datafield ind1=" " ind2="7" tag="650"><subfield code="a">Innovation</subfield><subfield code="x">Dienstleistungsmanagement</subfield><subfield code="2">idsbb</subfield></datafield><datafield ind1=" " ind2="7" tag="650"><subfield code="a">Marketing</subfield><subfield code="0">(IDREF)027476014</subfield><subfield code="2">idref</subfield></datafield><datafield ind1=" " ind2="7" tag="650"><subfield code="a">Services</subfield><subfield code="0">(IDREF)027480879</subfield><subfield code="2">idref</subfield></datafield><datafield ind1=" " ind2="7" tag="650"><subfield code="a">Gestion d'entreprise</subfield><subfield code="0">(IDREF)027228096</subfield><subfield code="2">idref</subfield></datafield><datafield ind1=" " ind2="7" tag="650"><subfield code="a">Dienstleistung</subfield><subfield code="0">(DE-588)4012178-1</subfield><subfield code="2">gnd</subfield></datafield><datafield ind1=" " ind2="7" tag="650"><subfield code="a">Management</subfield><subfield code="0">(DE-588)4037278-9</subfield><subfield code="2">gnd</subfield></datafield><datafield ind1=" " ind2="7" tag="650"><subfield code="a">Organisation</subfield><subfield code="2">idszbz</subfield></datafield><datafield ind1=" " ind2="7" tag="650"><subfield code="a">Dienstleistungssektor</subfield><subfield code="2">idszbz</subfield></datafield><datafield ind1=" " ind2="7" tag="650"><subfield code="a">Marketing</subfield><subfield code="2">idszbz</subfield></datafield><datafield ind1=" " ind2="7" tag="650"><subfield code="a">Restrukturierung</subfield><subfield code="0">(DE-588)4335640-0</subfield><subfield code="2">gnd</subfield></datafield><datafield ind1=" " ind2="7" tag="650"><subfield code="a">Unternehmen</subfield><subfield code="0">(DE-588)4061963-1</subfield><subfield code="2">gnd</subfield></datafield><datafield ind1=" " ind2="7" tag="650"><subfield code="a">DIENSTLEISTUNGSUNTERNEHMEN</subfield><subfield code="9">ger</subfield><subfield code="0">(ETHUDK)000060458</subfield><subfield code="2">ethudk</subfield></datafield><datafield ind1=" " ind2="7" tag="650"><subfield code="a">INNOVATION + MODERNISIERUNG</subfield><subfield code="9">ger</subfield><subfield code="0">(ETHUDK)000037558</subfield><subfield code="2">ethudk</subfield></datafield><datafield ind1=" " ind2="7" tag="650"><subfield code="a">MARKETING</subfield><subfield code="9">ger</subfield><subfield code="0">(ETHUDK)000010858</subfield><subfield code="2">ethudk</subfield></datafield><datafield ind1=" " ind2="7" tag="655"><subfield code="a">Aufsatzsammlung</subfield><subfield code="2">gnd-content</subfield></datafield><datafield ind1=" " ind2="7" tag="655"><subfield code="a">Actes de congrès</subfield><subfield code="0">(IDREF)02886431X</subfield><subfield code="2">idref</subfield></datafield><datafield ind1=" " ind2="7" tag="655"><subfield code="a">Aufsatzsammlung</subfield><subfield code="2">idszbz</subfield></datafield><datafield ind1=" " ind2=" " tag="690"><subfield code="e">650.1</subfield><subfield code="a">Unternehmungsziele, Unternehmungspolitik (Risikopolitik)</subfield><subfield code="2">hsg-kmu</subfield></datafield><datafield ind1=" " ind2=" " tag="690"><subfield code="e">382</subfield><subfield code="a">Dienstleistungen (allgemein)</subfield><subfield code="2">hsg-kmu</subfield></datafield><datafield ind1=" " ind2=" " tag="690"><subfield code="e">Z3</subfield><subfield code="a">Dienstleistung</subfield><subfield code="2">hsg-iwi</subfield></datafield><datafield ind1=" " ind2=" " tag="690"><subfield code="e">Pb100</subfield><subfield code="a">Marketing</subfield><subfield code="2">hsg-iwi</subfield></datafield><datafield ind1=" " ind2=" " tag="690"><subfield code="a">Service; Finanzdienstleistung; Interaktion; Einleitung; Lernen; Dienstleistungsmanagement; Dienstleistungsunternehmen; Lebensmitteleinzelhandel; mathematische Transformation; Dienstleistungsqualität; multinationales Unternehmen; Forschungsinstitut; Prozess; Kompetenz; Konzept; Veränderung; Kundenorientierung; Entwicklung; Personenverkehr; Netzwerk; Automobilindustrie; Hochschule</subfield><subfield code="2">idssg-J</subfield></datafield><datafield ind1=" " ind2=" " tag="690"><subfield code="a">Dienstleistungskompetenz; Bildungsdienstleistung; Dienstleistungsprozess; Forschungsgespräch; Dienstleistungsbereich; Erfolgsbewertung; Serviceleistung; Wissensentwicklung; Geschäftsmodell; Industrieunternehmen; Interaktionsqualität; Markenmanagement; Multiservice; Servicebreite; Autorenverzeichnis; Internationalisierungskonzept; Leistungsnetzwerk; Produktkonzept; Referenzmodell; Tabellenverzeichnis; Abstellnummer; Entwicklungsschritt; Fallbeispiel; Informationszeitalter; Inventarnummer; Kommunikationstechnologie; Kompetenzfeld; Leistungssystem; Markenelement; Service-Portal; Spannungsfeld; Verständnisversuch</subfield><subfield code="2">idssg-J</subfield></datafield><datafield ind1=" " ind2=" " tag="690"><subfield code="a">digitale Ökonomie; empirische Erkenntnis; globale Integration; industrielle Dienstleistung; innovatives Geschäftsmodell; integriert Glokale; internationaler Dienstleister; internationaler Konzern; lokale Kundennähe; netzwerkartig Führungsund; neue Legitimation; neue Sinnhaftigkeit; persönliche Interaktion; psychologische Sicht; technische Universität; tätiger Professional; zukünftiges Kompetenzfeld</subfield><subfield code="2">idssg-J</subfield></datafield><datafield ind1=" " ind2=" " tag="690"><subfield code="a">Deutschland C4EUGE</subfield><subfield code="2">idssg-J</subfield></datafield><datafield ind1=" " ind2=" " tag="690"><subfield code="a">Andrea Back Informations-; Axel Lehmann; Beat Bernet Financial; Beat Schmid Informations-; Beat Schmid Teil Dienstleistungsqualität; Christian Laesser; Christoph Speth; Dirk Schmidt- Gallas; Fallbeispiel Weisse Arena; Felix Teil; Ferdinand Dudenhöffer; Franz Eberle; Günter Müller- Stewens; Günther Schuh; Heinz Sebastian Dirk Schmidt- Gallas; Heribert Meffert; Hubert Österle; Johannes Rüegg; Jürg Manella; Karl Heinz Sebastian Dirk Schmidt- Gallas; Kuno Schedler Jürg; Marc Schmickler; Martin Hüb; Matthias Haller; Michael Eggenschwiler; Monika Young; Pater Daniel Schönbächler Interaktionen; Paul Blumenthal; Peter Maas; Professional Service Firms; Raphael Nosetti; Reto Gurtner Thomas Bieger Finanzdienstleistungen; Robert Winter; Romano Spadaro Leistungssystem Bossard; Sebastian Dirk Schmidt- Gallas; Soren Bisgaard; Susanne Leist; Thomas Bieger Christian Beiz Anhang; Thomas Bieger Customer; Thomas Rudolph; Tomczak Benita Brockdorff; Torsten Tomczak Benita Brockdorff</subfield><subfield code="2">idssg-J</subfield></datafield><datafield ind1=" " ind2=" " tag="690"><subfield code="a">Dienstleistung, B: Management</subfield><subfield code="2">rzs-L1</subfield></datafield><datafield ind1=" " ind2=" " tag="690"><subfield code="a">Dienstleistungsmanagement. A.D.</subfield><subfield code="2">rzs-L1</subfield></datafield><datafield ind1=" " ind2=" " tag="690"><subfield code="a">Management, B: Dienstleistungsmanagement</subfield><subfield code="2">rzs-L1</subfield></datafield><datafield ind1="1" ind2=" " tag="700"><subfield code="6">880-03</subfield><subfield code="a">Belz, Christian</subfield><subfield code="d">1953-</subfield><subfield code="0">(DE-588)123463580</subfield><subfield code="4">edt</subfield></datafield><datafield ind1="1" ind2=" " tag="880"><subfield code="6">700-03</subfield><subfield code="a">Belz, Christian</subfield><subfield code="0">(IDREF)074593137</subfield></datafield><datafield ind1="1" ind2=" " tag="700"><subfield code="a">Bieger, Thomas</subfield><subfield code="d">1961-</subfield><subfield code="0">(DE-588)120446669</subfield><subfield code="4">edt</subfield></datafield><datafield ind1=" " ind2="0" tag="830"><subfield code="a">Thexis</subfield><subfield code="p">Fachbuch für Marketing</subfield><subfield code="v">2000</subfield><subfield code="w">(IDSBB)001069577DSV01</subfield></datafield><datafield ind1="4" ind2=" " tag="856"><subfield code="u">https://tools.unisg.ch/url/hm00368660</subfield><subfield code="z">Inhaltsverzeichnis</subfield></datafield><datafield ind1=" " ind2=" " tag="900"><subfield code="a">IDSZ2zbzmon200004l</subfield><subfield code="c">IDSZ2geis</subfield><subfield code="d">IDSZ2zbzswk200004b</subfield><subfield code="e">IDSZ2okoh</subfield></datafield><datafield ind1=" " ind2=" " tag="949"><subfield code="a">https://tools.unisg.ch/url/hm00368660</subfield></datafield></record>
</metadata></record>