<record><header><identifier>oai:alma.41SLSP_UGE:991000016379705502</identifier><datestamp>2023-03-01T01:09:17Z</datestamp><setSpec>uge_bcen_RapidILL_BOOK</setSpec><setSpec>uge_aaca_RapidILL_BOOK</setSpec><setSpec>uge_abels_RapidILL_BOOK</setSpec><setSpec>uge_dbu_RapidILL_BOOK</setSpec><setSpec>uge_cmu_RapidILL_BOOK</setSpec><setSpec>uge_mail_RapidILL_BOOK</setSpec><setSpec>UNIGE_ALL</setSpec><setSpec>uge_abbat_RapidILL_BOOK</setSpec><setSpec>uge_aobs_RapidILL_BOOK</setSpec><setSpec>uge_acar_RapidILL_BOOK</setSpec></header><metadata>
<record xmlns="http://www.loc.gov/MARC21/slim" xmlns:xsi="http://www.w3.org/2001/XMLSchema-instance" xsi:schemaLocation="http://www.loc.gov/MARC21/slim http://www.loc.gov/standards/marcxml/schema/MARC21slim.xsd"><leader>03036nam a2200349 c 4500</leader><controlfield tag="001">991000016379705502</controlfield><controlfield tag="005">20201227133915.0</controlfield><controlfield tag="008">030324s2002    ru ||||| |||| 00| ||rus d</controlfield><datafield ind1=" " ind2=" " tag="020"><subfield code="a">5867931773</subfield></datafield><datafield ind1=" " ind2=" " tag="035"><subfield code="a">(swissbib)098799231-41slsp_network</subfield></datafield><datafield ind1=" " ind2=" " tag="035"><subfield code="a">098799231</subfield><subfield code="9">ExL</subfield></datafield><datafield ind1=" " ind2=" " tag="035"><subfield code="a">(RERO)R003332176-41slsp</subfield></datafield><datafield ind1=" " ind2=" " tag="035"><subfield code="a">(EXLNZ-41SLSP_NETWORK)991036607539705501</subfield></datafield><datafield ind1=" " ind2=" " tag="040"><subfield code="a">RERO geulru</subfield><subfield code="d">CH-ZuSLS</subfield></datafield><datafield ind1=" " ind2="7" tag="072"><subfield code="a">ru</subfield><subfield code="2">rero</subfield></datafield><datafield ind1="0" ind2="0" tag="245"><subfield code="6">880-01</subfield><subfield code="a">Kak rabotaet stikhotvorenie Brodskogo</subfield><subfield code="b">iz issledovaniĭ slavistov na Zapade</subfield><subfield code="c">red.-sost. L.V. Losev i V.P. Polukhina</subfield></datafield><datafield ind1="0" ind2="0" tag="880"><subfield code="6">245-01/(N</subfield><subfield code="a">Как работает стихотворение Бродского</subfield><subfield code="b">из исследований славистов на Западе</subfield><subfield code="c">ред.-сост. Л.В. Лосев и В.П. Полухина</subfield></datafield><datafield ind1="1" ind2=" " tag="246"><subfield code="a">Kak rabotaet stichotvorenie Brodskogo</subfield><subfield code="b">iz issledovanij slavistov na Zapade / red.-sost. L.V. Losev i V.P. Poluchina</subfield></datafield><datafield ind1=" " ind2="1" tag="264"><subfield code="6">880-02</subfield><subfield code="a">Moskva</subfield><subfield code="b">Novoe literaturnoe obozrenie</subfield><subfield code="c">2002</subfield></datafield><datafield ind1=" " ind2="1" tag="880"><subfield code="6">264-02/(N</subfield><subfield code="a">Москва</subfield><subfield code="b">Новое литературное обозрение</subfield><subfield code="c">2002</subfield></datafield><datafield ind1=" " ind2=" " tag="300"><subfield code="a">302 p.</subfield><subfield code="c">21 cm</subfield></datafield><datafield ind1=" " ind2=" " tag="336"><subfield code="b">txt</subfield><subfield code="2">rdacontent</subfield></datafield><datafield ind1=" " ind2=" " tag="337"><subfield code="b">n</subfield><subfield code="2">rdamedia</subfield></datafield><datafield ind1=" " ind2=" " tag="338"><subfield code="b">nc</subfield><subfield code="2">rdacarrier</subfield></datafield><datafield ind1="1" ind2=" " tag="490"><subfield code="6">880-03</subfield><subfield code="a">Naučnoe priloženie</subfield><subfield code="v">vyp. 36</subfield></datafield><datafield ind1="0" ind2=" " tag="880"><subfield code="6">490-03/(N</subfield><subfield code="a">Научное приложение</subfield><subfield code="v">вып. 36</subfield></datafield><datafield ind1="1" ind2="7" tag="600"><subfield code="a">Brodskij, Iosif Aleksandrovič</subfield><subfield code="d">1940-1996</subfield><subfield code="0">(IDREF)026754215</subfield><subfield code="2">idref</subfield></datafield><datafield ind1=" " ind2="7" tag="655"><subfield code="a">[Études diverses]</subfield><subfield code="0">(RERO)A022249905</subfield><subfield code="2">rero</subfield></datafield><datafield ind1="1" ind2=" " tag="700"><subfield code="6">880-04</subfield><subfield code="a">Losev, Lev</subfield><subfield code="d">1937-2009</subfield><subfield code="0">(IDREF)055838960</subfield></datafield><datafield ind1="1" ind2=" " tag="880"><subfield code="6">700-04/(N</subfield><subfield code="a">Лосев, Лев Владимирович</subfield></datafield><datafield ind1=" " ind2=" " tag="830"><subfield code="6">880-05</subfield><subfield code="a">Novoe literaturnoe obozrenie</subfield><subfield code="p">Nauchnoe prilozhenie</subfield><subfield code="v">36</subfield><subfield code="w">(RERO)2113180-41slsp</subfield></datafield><datafield ind1=" " ind2="0" tag="880"><subfield code="6">830-05/(N</subfield><subfield code="a">Новое литературное обозрение</subfield><subfield code="p">Научное приложение</subfield><subfield code="v">36</subfield></datafield><datafield ind1=" " ind2=" " tag="900"><subfield code="a">REROnoselfmerge</subfield></datafield></record>
</metadata></record>