<record><header><identifier>oai:alma.41SLSP_UGE:991000015959705502</identifier><datestamp>2023-03-01T01:09:17Z</datestamp><setSpec>uge_bcen_RapidILL_BOOK</setSpec><setSpec>uge_aaca_RapidILL_BOOK</setSpec><setSpec>uge_abels_RapidILL_BOOK</setSpec><setSpec>uge_dbu_RapidILL_BOOK</setSpec><setSpec>uge_cmu_RapidILL_BOOK</setSpec><setSpec>uge_mail_RapidILL_BOOK</setSpec><setSpec>UNIGE_ALL</setSpec><setSpec>uge_abbat_RapidILL_BOOK</setSpec><setSpec>uge_aobs_RapidILL_BOOK</setSpec><setSpec>uge_acar_RapidILL_BOOK</setSpec></header><metadata>
<record xmlns="http://www.loc.gov/MARC21/slim" xmlns:xsi="http://www.w3.org/2001/XMLSchema-instance" xsi:schemaLocation="http://www.loc.gov/MARC21/slim http://www.loc.gov/standards/marcxml/schema/MARC21slim.xsd"><leader>02565nam a2200469 c 4500</leader><controlfield tag="001">991000015959705502</controlfield><controlfield tag="005">20201229221339.0</controlfield><controlfield tag="008">201011s1992    xxk||||| |||| 10| ||eng d</controlfield><datafield ind1=" " ind2=" " tag="010"><subfield code="a">92004252</subfield></datafield><datafield ind1=" " ind2=" " tag="020"><subfield code="a">0582091144</subfield></datafield><datafield ind1=" " ind2=" " tag="035"><subfield code="a">(swissbib)217735339-41slsp_network</subfield></datafield><datafield ind1=" " ind2=" " tag="035"><subfield code="a">217735339</subfield><subfield code="9">ExL</subfield></datafield><datafield ind1=" " ind2=" " tag="035"><subfield code="a">(RERO)1607698-41slsp</subfield></datafield><datafield ind1=" " ind2=" " tag="035"><subfield code="a">(NEBIS)008892682EBI01</subfield></datafield><datafield ind1=" " ind2=" " tag="035"><subfield code="a">(NEBIS)000894435EBI01</subfield></datafield><datafield ind1=" " ind2=" " tag="035"><subfield code="a">(EXLNZ-41SLSP_NETWORK)991017617319705501</subfield></datafield><datafield ind1=" " ind2=" " tag="040"><subfield code="a">RERO geussm</subfield><subfield code="d">CH-ZuSLS</subfield></datafield><datafield ind1=" " ind2="7" tag="072"><subfield code="a">ma</subfield><subfield code="2">rero</subfield></datafield><datafield ind1=" " ind2=" " tag="084"><subfield code="a">34</subfield><subfield code="2">msc</subfield></datafield><datafield ind1="0" ind2="0" tag="245"><subfield code="a">Partial differential equations</subfield><subfield code="c">Joseph Wiener and Jack K. Hale (Ed)</subfield></datafield><datafield ind1=" " ind2="1" tag="264"><subfield code="a">Harlow Essex</subfield><subfield code="b">Longman Scientific &amp; Technical</subfield><subfield code="a">New York</subfield><subfield code="b">J. Wiley</subfield><subfield code="c">1992</subfield></datafield><datafield ind1=" " ind2=" " tag="300"><subfield code="a">268 S.</subfield><subfield code="c">25 cm</subfield><subfield code="b">Ill.</subfield></datafield><datafield ind1=" " ind2=" " tag="336"><subfield code="b">txt</subfield><subfield code="2">rdacontent</subfield></datafield><datafield ind1=" " ind2=" " tag="337"><subfield code="b">n</subfield><subfield code="2">rdamedia</subfield></datafield><datafield ind1=" " ind2=" " tag="338"><subfield code="b">nc</subfield><subfield code="2">rdacarrier</subfield></datafield><datafield ind1="1" ind2=" " tag="490"><subfield code="a">Pitman research notes in mathematics series</subfield><subfield code="v">273</subfield></datafield><datafield ind1=" " ind2=" " tag="500"><subfield code="a">La préf. porte un nom officiel de congrès: &quot;... proceedings of the Conference on Theory and Applications of Differential Equations ... held at the University of Texas-Pan American, Edinburg, Texas ... on May 15-18, 1991&quot;</subfield></datafield><datafield ind1=" " ind2=" " tag="500"><subfield code="a">Les actes de ce congrès ont paru en 2 volumes: le premier des volumes a paru sous le titre : &quot;Ordinary and delay differential equations&quot;</subfield></datafield><datafield ind1=" " ind2=" " tag="500"><subfield code="a">Congrès de mathématiques. Edinburg, Tex. 1991</subfield></datafield><datafield ind1=" " ind2=" " tag="500"><subfield code="a">&quot;... the proceedings of the International Conference on Theory and Applications of Differential Equations which was held at the University of Texas-Pan American, Edinburg, Texas ... on May 15-18, 1991&quot;</subfield></datafield><datafield ind1=" " ind2="7" tag="650"><subfield code="a">MATHEMATISCHE PHYSIK</subfield><subfield code="9">ger</subfield><subfield code="0">(ETHUDK)000012468</subfield><subfield code="2">ethudk</subfield></datafield><datafield ind1=" " ind2="7" tag="650"><subfield code="a">PARTIELLE DIFFERENTIALGLEICHUNGEN (ANALYSIS)</subfield><subfield code="9">ger</subfield><subfield code="0">(ETHUDK)000013355</subfield><subfield code="2">ethudk</subfield></datafield><datafield ind1=" " ind2="7" tag="650"><subfield code="a">PARTIELLE DIFFERENTIALGLEICHUNGEN (NUMERISCHE MATHEMATIK)</subfield><subfield code="9">ger</subfield><subfield code="0">(ETHUDK)000013656</subfield><subfield code="2">ethudk</subfield></datafield><datafield ind1=" " ind2="7" tag="655"><subfield code="a">Konferenzschrift</subfield><subfield code="z">Edinburgh</subfield><subfield code="y">1991</subfield><subfield code="2">gnd-content</subfield></datafield><datafield ind1=" " ind2="7" tag="655"><subfield code="a">Konferenzschrift</subfield><subfield code="z">Edinburg (TX)</subfield><subfield code="y">1991/05</subfield><subfield code="2">gnd-content</subfield></datafield><datafield ind1="1" ind2=" " tag="700"><subfield code="a">Sonnenfels, Joseph &lt;&lt;von&gt;&gt;</subfield><subfield code="d">1733-1817</subfield><subfield code="0">(DE-588)118615610</subfield></datafield><datafield ind1="1" ind2=" " tag="700"><subfield code="a">Wiener, Joseph</subfield><subfield code="0">(IDREF)033372969</subfield></datafield><datafield ind1="2" ind2=" " tag="711"><subfield code="a">International Conference on Theory and Applications of Differential Equations</subfield><subfield code="0">(DE-588)1092496688</subfield></datafield><datafield ind1="2" ind2=" " tag="711"><subfield code="a">International Conference on Theory and Applications of Differential Equations</subfield><subfield code="d">1991</subfield><subfield code="c">Edinburg, Tex.</subfield><subfield code="0">(DE-588)5134466-X</subfield></datafield><datafield ind1="2" ind2=" " tag="711"><subfield code="a">International Conference on Theory and Applications of Differential Equations</subfield><subfield code="d">1991</subfield><subfield code="c">Edinburg, Texas</subfield><subfield code="0">(RERO)A012431831</subfield></datafield><datafield ind1=" " ind2=" " tag="830"><subfield code="a">Pitman research notes in mathematics series</subfield><subfield code="v">273</subfield><subfield code="w">(NEBIS)000496546EBI01</subfield></datafield><datafield ind1=" " ind2=" " tag="900"><subfield code="a">REROnoselfmerge</subfield></datafield><datafield ind1=" " ind2=" " tag="900"><subfield code="f">IDSU2medea</subfield></datafield></record>
</metadata></record>