<record><header><identifier>oai:alma.41SLSP_UGE:991000016269705502</identifier><datestamp>2023-03-01T01:09:17Z</datestamp><setSpec>uge_bcen_RapidILL_BOOK</setSpec><setSpec>uge_aaca_RapidILL_BOOK</setSpec><setSpec>uge_abels_RapidILL_BOOK</setSpec><setSpec>uge_dbu_RapidILL_BOOK</setSpec><setSpec>uge_cmu_RapidILL_BOOK</setSpec><setSpec>uge_mail_RapidILL_BOOK</setSpec><setSpec>UNIGE_ALL</setSpec><setSpec>uge_abbat_RapidILL_BOOK</setSpec><setSpec>uge_aobs_RapidILL_BOOK</setSpec><setSpec>uge_acar_RapidILL_BOOK</setSpec></header><metadata>
<record xmlns="http://www.loc.gov/MARC21/slim" xmlns:xsi="http://www.w3.org/2001/XMLSchema-instance" xsi:schemaLocation="http://www.loc.gov/MARC21/slim http://www.loc.gov/standards/marcxml/schema/MARC21slim.xsd"><leader>01400nam a2200301 c 4500</leader><controlfield tag="001">991000016269705502</controlfield><controlfield tag="005">20230217203825.0</controlfield><controlfield tag="008">000915s1988    po ||||| |||| 00| ||por d</controlfield><datafield ind1=" " ind2=" " tag="020"><subfield code="a">9287115540</subfield></datafield><datafield ind1=" " ind2=" " tag="035"><subfield code="a">(swissbib)082887764-41slsp_network</subfield></datafield><datafield ind1=" " ind2=" " tag="035"><subfield code="a">082887764</subfield><subfield code="9">ExL</subfield></datafield><datafield ind1=" " ind2=" " tag="035"><subfield code="a">(RERO)0994569-41slsp</subfield></datafield><datafield ind1=" " ind2=" " tag="035"><subfield code="a">(EXLNZ-41SLSP_NETWORK)991122485079705501</subfield></datafield><datafield ind1=" " ind2=" " tag="040"><subfield code="a">RERO frbcuc</subfield><subfield code="d">CH-ZuSLS</subfield></datafield><datafield ind1=" " ind2="7" tag="072"><subfield code="a">pe</subfield><subfield code="2">rero</subfield></datafield><datafield ind1="1" ind2=" " tag="100"><subfield code="a">Casteleiro, João Malaca</subfield><subfield code="d">1936-2020</subfield><subfield code="0">(IDREF)032572271</subfield><subfield code="4">cre</subfield></datafield><datafield ind1="1" ind2="0" tag="245"><subfield code="a">Nível limiar</subfield><subfield code="b">(para o ensino/aprendizagem do Português como língua segunda/língua estrangeira)</subfield><subfield code="c">João Malaca Casteleiro, Américo Meira, José Pascoal ; Departamento de Língua e Cultura Portuguesa da Faculdade de Letras da Universidade de Lisboa e Instituto de Cultura e Língua Portuguesa</subfield></datafield><datafield ind1=" " ind2="1" tag="264"><subfield code="a">Strasbourg</subfield><subfield code="b">Conselho de Cooperação Cultural</subfield><subfield code="c">1988</subfield></datafield><datafield ind1=" " ind2=" " tag="300"><subfield code="a">IX, 565 p.</subfield><subfield code="b">ill.</subfield><subfield code="c">30 cm</subfield></datafield><datafield ind1=" " ind2=" " tag="336"><subfield code="b">txt</subfield><subfield code="2">rdacontent</subfield></datafield><datafield ind1=" " ind2=" " tag="337"><subfield code="b">n</subfield><subfield code="2">rdamedia</subfield></datafield><datafield ind1=" " ind2=" " tag="338"><subfield code="b">nc</subfield><subfield code="2">rdacarrier</subfield></datafield><datafield ind1=" " ind2="7" tag="650"><subfield code="a">portugais (langue) - enseignement</subfield><subfield code="0">(RERO)A010134881</subfield><subfield code="2">rerovoc</subfield></datafield><datafield ind1=" " ind2="7" tag="650"><subfield code="a">Langues vivantes</subfield><subfield code="0">(IDREF)027343553</subfield><subfield code="2">idref</subfield></datafield><datafield ind1="1" ind2=" " tag="700"><subfield code="a">Meira, Américo</subfield><subfield code="0">(RERO)A003581131</subfield></datafield><datafield ind1="1" ind2=" " tag="700"><subfield code="a">Pascoal, José Lino</subfield><subfield code="0">(IDREF)169397629</subfield></datafield><datafield ind1="2" ind2=" " tag="710"><subfield code="a">Conseil de l'Europe</subfield><subfield code="b">Conseil de la coopération culturelle</subfield><subfield code="0">(RERO)A000042889</subfield></datafield><datafield ind1="2" ind2=" " tag="710"><subfield code="a">Universidade de Lisboa</subfield><subfield code="b">Departamento de Língua e Cultura Portuguesa</subfield><subfield code="0">(RERO)A000190377</subfield></datafield><datafield ind1=" " ind2=" " tag="900"><subfield code="a">REROnoselfmerge</subfield></datafield></record>
</metadata></record>