<record><header><identifier>oai:alma.41SLSP_UGE:991000015749705502</identifier><datestamp>2023-03-01T01:09:17Z</datestamp><setSpec>uge_cmu_RapidILL_JOURNAL</setSpec><setSpec>uge_aobs_RapidILL_JOURNAL</setSpec><setSpec>uge_aaca_RapidILL_JOURNAL</setSpec><setSpec>uge_bcen_RapidILL_JOURNAL</setSpec><setSpec>uge_abbat_RapidILL_JOURNAL</setSpec><setSpec>uge_mail_RapidILL_JOURNAL</setSpec><setSpec>uge_dbu_RapidILL_JOURNAL</setSpec><setSpec>UNIGE_ALL</setSpec><setSpec>uge_abels_RapidILL_JOURNAL</setSpec><setSpec>uge_acar_RapidILL_JOURNAL</setSpec></header><metadata>
<record xmlns="http://www.loc.gov/MARC21/slim" xmlns:xsi="http://www.w3.org/2001/XMLSchema-instance" xsi:schemaLocation="http://www.loc.gov/MARC21/slim http://www.loc.gov/standards/marcxml/schema/MARC21slim.xsd"><leader>01517nas a2200397uc 4500</leader><controlfield tag="001">991000015749705502</controlfield><controlfield tag="005">20201229234158.0</controlfield><controlfield tag="008">201011d19231952xxu | p       0    |eng d</controlfield><datafield ind1=" " ind2=" " tag="022"><subfield code="a">0092-5632</subfield></datafield><datafield ind1=" " ind2=" " tag="035"><subfield code="a">(swissbib)21546267X-41slsp_network</subfield></datafield><datafield ind1=" " ind2=" " tag="035"><subfield code="a">21546267X</subfield><subfield code="9">ExL</subfield></datafield><datafield ind1=" " ind2=" " tag="035"><subfield code="a">(IDSBB)000014234DSV01</subfield></datafield><datafield ind1=" " ind2=" " tag="035"><subfield code="a">(RERO)0668831-41slsp</subfield></datafield><datafield ind1=" " ind2=" " tag="035"><subfield code="a">(EXLNZ-41SLSP_NETWORK)991086401169705501</subfield></datafield><datafield ind1=" " ind2=" " tag="040"><subfield code="a">SzZuIDS BS/BE A140</subfield><subfield code="b">ger</subfield><subfield code="e">kids</subfield><subfield code="d">CH-ZuSLS</subfield></datafield><datafield ind1=" " ind2="7" tag="072"><subfield code="a">me</subfield><subfield code="2">SzZuIDS BS/BE</subfield></datafield><datafield ind1=" " ind2="7" tag="072"><subfield code="a">me</subfield><subfield code="2">rero</subfield></datafield><datafield ind1="1" ind2="4" tag="082"><subfield code="a">610</subfield><subfield code="2">15</subfield></datafield><datafield ind1="0" ind2="0" tag="245"><subfield code="a">American journal of roentgenology and radium therapy</subfield></datafield><datafield ind1=" " ind2="1" tag="264"><subfield code="a">Springfield</subfield><subfield code="b">Thomas</subfield></datafield><datafield ind1=" " ind2=" " tag="300"><subfield code="c">30 cm</subfield></datafield><datafield ind1=" " ind2=" " tag="310"><subfield code="a">Mensuel</subfield></datafield><datafield ind1=" " ind2=" " tag="336"><subfield code="b">txt</subfield><subfield code="2">rdacontent</subfield></datafield><datafield ind1=" " ind2=" " tag="337"><subfield code="b">n</subfield><subfield code="2">rdamedia</subfield></datafield><datafield ind1=" " ind2=" " tag="338"><subfield code="b">nc</subfield><subfield code="2">rdacarrier</subfield></datafield><datafield ind1="0" ind2=" " tag="362"><subfield code="a">Vol. 10(1923) - vol. 67(1952)</subfield></datafield><datafield ind1=" " ind2=" " tag="580"><subfield code="a">Fait suite à: American journal of roentgenology. Devient: American journal of roentgenology, radium therapy and nuclear medicine</subfield></datafield><datafield ind1=" " ind2="7" tag="650"><subfield code="a">Radiologie</subfield><subfield code="v">Zeitschrift</subfield><subfield code="2">idsbb</subfield></datafield><datafield ind1=" " ind2="7" tag="655"><subfield code="a">Zeitschrift</subfield><subfield code="2">gnd-content</subfield></datafield><datafield ind1="2" ind2=" " tag="710"><subfield code="a">American Radium Society</subfield><subfield code="0">(DE-588)7156-0</subfield></datafield><datafield ind1="2" ind2=" " tag="710"><subfield code="6">880-03</subfield><subfield code="a">American Roentgen Ray Society</subfield><subfield code="0">(IDREF)061422592</subfield></datafield><datafield ind1="2" ind2=" " tag="880"><subfield code="a">American Roentgen Ray Society</subfield><subfield code="0">(DE-588)6810-X</subfield><subfield code="6">710-03</subfield></datafield><datafield ind1="0" ind2="0" tag="785"><subfield code="t">American journal of roentgenology</subfield></datafield><datafield ind1="0" ind2="0" tag="780"><subfield code="t">American journal of roentgenology</subfield><subfield code="w">(RERO)0668851-41slsp</subfield></datafield><datafield ind1="0" ind2="0" tag="780"><subfield code="t">American journal of roentgenology</subfield><subfield code="w">(IDSBB)000014233DSV01</subfield></datafield><datafield ind1="0" ind2="0" tag="785"><subfield code="t">American journal of roentgenology, radium therapy and nuclear medicine</subfield><subfield code="w">(RERO)0668840-41slsp</subfield></datafield><datafield ind1=" " ind2=" " tag="900"><subfield code="a">REROnoselfmerge</subfield></datafield></record>
</metadata></record>