<record><header><identifier>oai:alma.41SLSP_UGE:991000016059705502</identifier><datestamp>2023-06-07T00:11:06Z</datestamp><setSpec>UNIGE_ALL</setSpec></header><metadata>
<record xmlns="http://www.loc.gov/MARC21/slim" xmlns:xsi="http://www.w3.org/2001/XMLSchema-instance" xsi:schemaLocation="http://www.loc.gov/MARC21/slim http://www.loc.gov/standards/marcxml/schema/MARC21slim.xsd"><leader>00869nim a2200253 c 4500</leader><controlfield tag="001">991000016059705502</controlfield><controlfield tag="005">20230606173605.0</controlfield><controlfield tag="007">co |g|||||||||</controlfield><controlfield tag="008">100415s2002    gw ||n |            ger d</controlfield><datafield ind1=" " ind2=" " tag="020"><subfield code="a">3191372555</subfield></datafield><datafield ind1=" " ind2=" " tag="035"><subfield code="a">(swissbib)110218183-41slsp_network</subfield></datafield><datafield ind1=" " ind2=" " tag="035"><subfield code="a">110218183</subfield><subfield code="9">ExL</subfield></datafield><datafield ind1=" " ind2=" " tag="035"><subfield code="a">(RERO)R005425712-41slsp</subfield></datafield><datafield ind1=" " ind2=" " tag="035"><subfield code="a">(EXLNZ-41SLSP_NETWORK)991117115769705501</subfield></datafield><datafield ind1=" " ind2=" " tag="040"><subfield code="a">RERO geumed</subfield><subfield code="d">CH-ZuSLS</subfield></datafield><datafield ind1=" " ind2="7" tag="072"><subfield code="a">al</subfield><subfield code="2">rero</subfield></datafield><datafield ind1="1" ind2=" " tag="100"><subfield code="a">Dreyer, Hilke</subfield><subfield code="0">(IDREF)061419052</subfield><subfield code="4">cre</subfield></datafield><datafield ind1="1" ind2="0" tag="245"><subfield code="a">Lehr- und Übungsbuch der deutschen Grammatik</subfield><subfield code="c">Dreyer, Schmitt</subfield></datafield><datafield ind1=" " ind2="1" tag="264"><subfield code="a">Ismaning</subfield><subfield code="b">Max Hueber Verlag</subfield><subfield code="c">2002</subfield></datafield><datafield ind1=" " ind2=" " tag="300"><subfield code="a">1 CD-ROM</subfield></datafield><datafield ind1=" " ind2="7" tag="650"><subfield code="a">Allemand (langue)</subfield><subfield code="0">(IDREF)027789829</subfield><subfield code="2">idref</subfield></datafield><datafield ind1=" " ind2="7" tag="650"><subfield code="a">Grammaire</subfield><subfield code="0">(IDREF)02863165X</subfield><subfield code="2">idref</subfield></datafield><datafield ind1=" " ind2="7" tag="655"><subfield code="a">Cédéroms</subfield><subfield code="0">(IDREF)029358612</subfield><subfield code="2">idref</subfield></datafield><datafield ind1=" " ind2="7" tag="655"><subfield code="a">Problèmes et exercices</subfield><subfield code="0">(IDREF)027790517</subfield><subfield code="2">idref</subfield></datafield><datafield ind1="1" ind2=" " tag="700"><subfield code="a">Schmitt, Richard</subfield><subfield code="0">(RERO)A003801887</subfield></datafield></record>
</metadata></record>