<record><header><identifier>oai:alma.41SLSP_UGE:991000015849705502</identifier><datestamp>2023-03-29T00:16:01Z</datestamp><setSpec>uge_bcen_RapidILL_BOOK</setSpec><setSpec>uge_aaca_RapidILL_BOOK</setSpec><setSpec>uge_abels_RapidILL_BOOK</setSpec><setSpec>uge_dbu_RapidILL_BOOK</setSpec><setSpec>uge_cmu_RapidILL_BOOK</setSpec><setSpec>uge_mail_RapidILL_BOOK</setSpec><setSpec>uge_abbat_RapidILL_BOOK</setSpec><setSpec>UNIGE_ALL</setSpec><setSpec>uge_acar_RapidILL_BOOK</setSpec><setSpec>uge_aobs_RapidILL_BOOK</setSpec></header><metadata>
<record xmlns="http://www.loc.gov/MARC21/slim" xmlns:xsi="http://www.w3.org/2001/XMLSchema-instance" xsi:schemaLocation="http://www.loc.gov/MARC21/slim http://www.loc.gov/standards/marcxml/schema/MARC21slim.xsd"><leader>08629nam a2200385 c 4500</leader><controlfield tag="001">991000015849705502</controlfield><controlfield tag="005">20230328194014.0</controlfield><controlfield tag="008">100927s2010    fr ||||| |||| 00| ||fre d</controlfield><datafield ind1=" " ind2=" " tag="020"><subfield code="a">9782294706943</subfield></datafield><datafield ind1="7" ind2=" " tag="024"><subfield code="a">http://catalogue.bnf.fr/ark:/12148/cb42265051f</subfield><subfield code="2">uri</subfield></datafield><datafield ind1=" " ind2=" " tag="035"><subfield code="a">(swissbib)110909275-41slsp_network</subfield></datafield><datafield ind1=" " ind2=" " tag="035"><subfield code="a">110909275</subfield><subfield code="9">ExL</subfield></datafield><datafield ind1=" " ind2=" " tag="035"><subfield code="a">(RERO)R005539492-41slsp</subfield></datafield><datafield ind1=" " ind2=" " tag="035"><subfield code="a">(EXLNZ-41SLSP_NETWORK)991156601949705501</subfield></datafield><datafield ind1=" " ind2=" " tag="040"><subfield code="a">RERO geucmu</subfield><subfield code="d">CH-ZuSLS</subfield></datafield><datafield ind1=" " ind2="7" tag="072"><subfield code="a">me</subfield><subfield code="2">rero</subfield></datafield><datafield ind1="0" ind2="0" tag="245"><subfield code="a">Cardiologie</subfield><subfield code="c">sous l'égide du Collège national des enseignants de cardiologie et de la Société française de cardiologie ; sous la dir. de Dominique Lacroix</subfield></datafield><datafield ind1=" " ind2="1" tag="264"><subfield code="a">Issy-lesMoulineaux</subfield><subfield code="b">Elsevier Masson</subfield><subfield code="c">2010</subfield></datafield><datafield ind1=" " ind2=" " tag="300"><subfield code="a">416 p.</subfield><subfield code="b">ill.</subfield></datafield><datafield ind1=" " ind2=" " tag="336"><subfield code="b">txt</subfield><subfield code="2">rdacontent</subfield></datafield><datafield ind1=" " ind2=" " tag="337"><subfield code="b">n</subfield><subfield code="2">rdamedia</subfield></datafield><datafield ind1=" " ind2=" " tag="338"><subfield code="b">nc</subfield><subfield code="2">rdacarrier</subfield></datafield><datafield ind1="0" ind2=" " tag="490"><subfield code="a">Abrégés connaissances et pratique</subfield></datafield><datafield ind1=" " ind2=" " tag="500"><subfield code="a">Sous-titre de la couv.: Cardiologie : réussir les épreuves classantes nationales</subfield></datafield><datafield ind1="0" ind2=" " tag="505"><subfield code="a">[Sommaire] Hémodynamique, maladie coronaire, athéromatose. - Maladies des valves. - Rythmologie. - Insuffisance cardiaque. - Maladies vasculaires</subfield></datafield><datafield ind1="0" ind2=" " tag="505"><subfield code="a">[Table des matières] Hémodynamique, maladie coronaire, athéromatose. - 1. Athérome, épidémiologie et physiopathologie. - le malade polyathéromateux. - Épidémiologie. - II. Mécanismes de l'athérosclérose. - III. Points d'impact des thérapeutiques. - IV. Localisations préférentielles des lésions d'athérosclérose. - V. Évolution naturelle de la maladie athéromateuse. - VI. Le malade polyathéromateux. - 2. Facteurs de risque cardiovasculaire et prévention. - I. Introduction. - II. Facteurs de risque cardiovasculaire. - III. Marqueurs de risque. - IV. Risque cardiovasculaire global. - V. Prévention. - 3. Dyslipidémies. - I. Diagnostic phénotypique. - II. Éliminer une cause d'hyperlipidémie secondaire. - III. Diagnostic des hyperlipidémies primitives. - IV. Évaluation du risque cardiovasculaire global. - V. Prise en charge thérapeutique des dyslipidémies. - 4. Angine de poitrine et infarctus myocardique. - I. Physiopathologie. - II. Angine de poitrine (angor) stable. - III. Définition des syndromes coronaires. - IV. Syndromes coronaires sans sus-décalage de ST. - V. Syndromes coronaires avec sus-décalage de ST. - VI. Examens paracliniques de la maladie coronaire. - 5. Douleur thoracique aiguë et chronique. - I. Conduite à tenir en présence d'un patient qui consulte pour douleur thoracique. - Connaissances. - II. Orientation diagnostique: identifier les urgences cardiaques. - III. Orientation diagnostique: douleurs chroniques de cause cardiaque. - IV. Orientation diagnostique: connaître les principales causes extracardiaques. - d'une douleur thoracique. - Maladies des valves. - 6. Endocardite infectieuse. - I. Définition. - II. Épidémiologie. - III. Physiopathologie. - IV. Clinique. - V. Évolution: complications, pronostic. - VI. Traitement. - VII. Prévention. - 7. Insuffisance aortique. - I. Définition. - II. Physiopathologie. - III. Étiologies. - IV. Diagnostic. - V. Diagnostic différentiel. - VI. Évolution et complications. - VII. Surveillance d'un patient porteur d'insuffisance aortique. - VIII. Traitement. - 8. Souffle cardiaque chez l'enfant. - I. Généralités. - II. Particularités de l'auscultation de l'enfant. - III. Circonstances de découverte. - IV. Clinique et examens complémentaires. - V. Principales cardiopathies rencontrées en fonction de l'âge. - 9. Surveillance des porteurs de valves et prothèses vasculaires. - I. Différents types de prothèses valvulaires. - II. Physiopathologie. - III. Complications des valves cardiaques. - IV. Surveillance des porteurs de valve cardiaque. - 10. Insuffisance mitrale. - I. Définition. - II. Mécanismes physiopathologiques. - III. Étiologies. - IV. Causes des insuffisances mitrales aiguës. - V. Physiopathologie. - VI. Diagnostic. - VII. Évolution naturelle et complications. - VIII. Cas particulier du prolapsus valvulaire mitral (PVM). - IX. Traitement. - 11. Rétrécissement aortique. - Définition. - II. Étiologies. - III. Physiopathologie et conséquences hémodynamiques. - IV. Aspects cliniques. - V. Complications. - VI. Explorations non invasives. - VII. Confirmer le diagnostic. - VIII. Quantifier le degré de sévérité du rétrécissement. - IX. Cathétérisme. - X. Coronoscanner. - XI. Traitement. - Rythmologie. - 12. Malaises, perte de connaissance, crise comitiale chez l'adulte. - I. Définitions et sémantique. - II. Physiopathologie des syncopes et lipothymies. - III. Étiologies des syncopes et lipothymies. - IV. Diagnostic différentiel des syncopes et lipothymies. - V. Prise en charge clinique et paraclinique. - VI. Critères de gravité. - VII. Formes cliniques typiques. - 13. Fibrillation. - I. Définition. - II. Physiopathologie et mécanismes. - III. Classifications et terminologie. - IV. Aspects cliniques. - V. Diagnostic ECG. - VI. Évaluation du risque thrombo-embolique. - VII. Thérapeutique. - 14. Troubles de la conduction intracardiaque. - I. Définitions. - II. Physiopathologie et mécanismes. - III. Aspects cliniques. - IV. Diagnostic ECG. - V. Évaluation et prise en charge. - VI. Thérapeutique et suivi. - 15. Électrocardiogramme. - I. Interprétation de l'ECG. - II. Indications de l'ECG. - 16. Palpitations. - I. Définition et diagnostic. - II. Diagnostic de gravité. - III. Diagnostic étiologique. - IV. Étiologies les plus fréquentes. - Insuffisance cardiaque. - 17. Échocardiographie-doppler. - I. Introduction. - II. Principaux apports de l'échocardiographie-doppler par voie transthoracique au repos. - III. Échocardiographie par voie transœsophagienne. - IV. Échocardiographie de stress. - V. Coût des examens. - 18. Prescription et surveillance des diurétiques. - I. Les différentes classes de diurétiques. - II. Modes d'action. - III. Indications. - IV. Prescription et surveillance. - 19. Insuffisance cardiaque de l'adulte. - I. Définition. - II. Définitions des formes cliniques. - III. Épidémiologie. - IV. Physiopathologie. - V. étiologies. - VI. Aspects cliniques. - VII. Facteurs déclenchants d'une décompensation cardiaque. - VIII. Examens paracliniques. - IX. Traitement. - 20. Dyspnée aiguë et chronique. - I. Généralités. - II. Orientation diagnostique devant une dyspnée aiguë. - III. Orientation diagnostique devant une dyspnée chronique. - Maladies vasculaires. - 21. Thrombose veineuse profonde et embolie pulmonaire. - I. Physiopathologie des thromboses veineuses profondes. - II. Diagnostic positif d'une thrombose veineuse profonde. - III. Diagnostic étiologique d'une thrombose veineuse profonde. - IV. Traitement des thromboses veineuses profondes. - V. Physiopathologie de l'embolie pulmonaire. - VI. Diagnostic positif de l'embolie pulmonaire. - VII. Signes de gravité de l'embolie pulmonaire. - VIII. Traitement de l'embolie pulmonaire. - 22. Hypertension artérielle de l'adulte. - I. Définition et classification de l'HTA. - II. Épidémiologie. - III. Physiopathologie. - IV. Manifestations cliniques, complications et évolution de l'HTA. - V. Bilan initial d'une hypertension artérielle de l'adulte. - VI. HTA secondaire. - VII. Traitement de l'HTAVIII. Suivi du patient hypertendu et prise en charge au long cours. - Divers. - 23. Péricardite aiguë. - I. Diagnostic d'une péricardite aiguë. - II. Complications à court et long terme. - III. Traitement. - 24. Prescription et surveillance des antithrombotiques. - I. Généralités. - II. Prescription et surveillance des anti-agrégants plaquettaires. - III. Prescription et surveillance des anticoagulants. - IV. Prescription et surveillance des thrombolytiques. - 25. Accident des anticoagulants. - I. Accidents liés à l'administration d'héparines. - II. Accidents liés aux antivitamines K. - III. Autres anticoagulants. - Cardiologie. - Cas clinique. - Questions. - Réponses. - Index.</subfield></datafield><datafield ind1=" " ind2="2" tag="650"><subfield code="a">Cardiovascular Diseases</subfield></datafield><datafield ind1=" " ind2="7" tag="650"><subfield code="a">Cardiologie</subfield><subfield code="0">(IDREF)027243788</subfield><subfield code="2">idref</subfield></datafield><datafield ind1=" " ind2="7" tag="650"><subfield code="a">maladie cardio-vasculaire</subfield><subfield code="0">(RERO)A010112343</subfield><subfield code="2">rerovoc</subfield></datafield><datafield ind1=" " ind2="7" tag="650"><subfield code="a">Coeur</subfield><subfield code="0">(IDREF)027388190</subfield><subfield code="2">idref</subfield></datafield><datafield ind1=" " ind2="7" tag="650"><subfield code="a">Maladies</subfield><subfield code="0">(IDREF)027578151</subfield><subfield code="2">idref</subfield></datafield><datafield ind1=" " ind2="2" tag="655"><subfield code="a">Case Reports</subfield></datafield><datafield ind1=" " ind2="7" tag="655"><subfield code="a">Manuels d'enseignement</subfield><subfield code="0">(IDREF)027446514</subfield><subfield code="2">idref</subfield></datafield><datafield ind1="1" ind2=" " tag="700"><subfield code="a">Lacroix, Dominique</subfield><subfield code="c">professeur de médecine</subfield><subfield code="d">19..-....</subfield><subfield code="0">(IDREF)090177444</subfield></datafield><datafield ind1="2" ind2=" " tag="710"><subfield code="a">Collège national des enseignants de cardiologie</subfield><subfield code="g">France</subfield><subfield code="0">(IDREF)146395433</subfield></datafield><datafield ind1=" " ind2=" " tag="900"><subfield code="a">REROnoselfmerge</subfield></datafield></record>
</metadata></record>