<record><header><identifier>oai:alma.41SLSP_UGE:991000016079705502</identifier><datestamp>2023-03-21T01:09:39Z</datestamp><setSpec>uge_bcen_RapidILL_BOOK</setSpec><setSpec>uge_aaca_RapidILL_BOOK</setSpec><setSpec>uge_abels_RapidILL_BOOK</setSpec><setSpec>uge_dbu_RapidILL_BOOK</setSpec><setSpec>uge_cmu_RapidILL_BOOK</setSpec><setSpec>uge_mail_RapidILL_BOOK</setSpec><setSpec>uge_abbat_RapidILL_BOOK</setSpec><setSpec>UNIGE_ALL</setSpec><setSpec>uge_acar_RapidILL_BOOK</setSpec><setSpec>uge_aobs_RapidILL_BOOK</setSpec></header><metadata>
<record xmlns="http://www.loc.gov/MARC21/slim" xmlns:xsi="http://www.w3.org/2001/XMLSchema-instance" xsi:schemaLocation="http://www.loc.gov/MARC21/slim http://www.loc.gov/standards/marcxml/schema/MARC21slim.xsd"><leader>02857nam a2200757 c 4500</leader><controlfield tag="001">991000016079705502</controlfield><controlfield tag="005">20230320195426.0</controlfield><controlfield tag="008">201011s2009    gw ||||| |||| 00| ||ger d</controlfield><datafield ind1=" " ind2=" " tag="015"><subfield code="a">GFR-DNB-09,A26,0899</subfield></datafield><datafield ind1="7" ind2=" " tag="016"><subfield code="a">994595247</subfield><subfield code="2">GyFmDB</subfield></datafield><datafield ind1=" " ind2=" " tag="020"><subfield code="a">9783769247336</subfield><subfield code="q">kart.</subfield><subfield code="c">EUR 34.00, sfr 54.40</subfield></datafield><datafield ind1=" " ind2=" " tag="035"><subfield code="a">(swissbib)226767566-41slsp_network</subfield></datafield><datafield ind1=" " ind2=" " tag="035"><subfield code="a">226767566</subfield><subfield code="9">ExL</subfield></datafield><datafield ind1=" " ind2=" " tag="035"><subfield code="a">(RERO)R005199371-41slsp</subfield></datafield><datafield ind1=" " ind2=" " tag="035"><subfield code="a">(IDSLU)000632916ILU01</subfield></datafield><datafield ind1=" " ind2=" " tag="035"><subfield code="a">(NEBIS)006155831EBI01</subfield></datafield><datafield ind1=" " ind2=" " tag="035"><subfield code="a">(IDSBB)004856937DSV01</subfield></datafield><datafield ind1=" " ind2=" " tag="035"><subfield code="a">(DDB)969370350</subfield></datafield><datafield ind1=" " ind2=" " tag="035"><subfield code="a">(EXLNZ-41SLSP_NETWORK)991096420609705501</subfield></datafield><datafield ind1=" " ind2=" " tag="040"><subfield code="a">RERO geussc</subfield><subfield code="d">CH-ZuSLS</subfield></datafield><datafield ind1="0" ind2=" " tag="041"><subfield code="a">ger</subfield></datafield><datafield ind1=" " ind2=" " tag="044"><subfield code="a">gw</subfield></datafield><datafield ind1=" " ind2="7" tag="072"><subfield code="a">bo</subfield><subfield code="2">rero</subfield></datafield><datafield ind1=" " ind2="7" tag="072"><subfield code="a">pa</subfield><subfield code="2">rero</subfield></datafield><datafield ind1=" " ind2="7" tag="072"><subfield code="a">339</subfield><subfield code="2">IDS LU</subfield></datafield><datafield ind1=" " ind2="7" tag="072"><subfield code="a">me</subfield><subfield code="2">SzZuIDS BS/BE</subfield></datafield><datafield ind1=" " ind2="7" tag="072"><subfield code="a">ph</subfield><subfield code="2">SzZuIDS BS/BE</subfield></datafield><datafield ind1="1" ind2="4" tag="082"><subfield code="a">610</subfield><subfield code="2">15</subfield></datafield><datafield ind1=" " ind2=" " tag="084"><subfield code="a">VW 5100</subfield><subfield code="2">rvk</subfield></datafield><datafield ind1="1" ind2=" " tag="100"><subfield code="a">Eschrich, Walter</subfield><subfield code="6">880-01</subfield></datafield><datafield ind1="1" ind2=" " tag="880"><subfield code="6">100-01</subfield><subfield code="a">Eschrich, Walter</subfield><subfield code="0">(IDREF)031643191</subfield></datafield><datafield ind1="1" ind2="0" tag="245"><subfield code="a">Pulver-Atlas der Drogen der deutschsprachigen Arzneibücher</subfield><subfield code="c">begr. von Walter Eschrich</subfield></datafield><datafield ind1="1" ind2=" " tag="246"><subfield code="a">Pulver-Atlas der Drogen</subfield></datafield><datafield ind1=" " ind2=" " tag="250"><subfield code="a">9. überarb. und erw. Aufl.</subfield><subfield code="b">Bearb. Scholz, Eberhard</subfield></datafield><datafield ind1=" " ind2="1" tag="264"><subfield code="a">Stuttgart</subfield><subfield code="b">Deutscher Apotheker Verlag</subfield><subfield code="c">2009</subfield></datafield><datafield ind1=" " ind2=" " tag="300"><subfield code="a">XII, 382 S.</subfield><subfield code="b">Ill.</subfield><subfield code="c">23 cm</subfield></datafield><datafield ind1=" " ind2=" " tag="336"><subfield code="b">txt</subfield><subfield code="2">rdacontent</subfield></datafield><datafield ind1=" " ind2=" " tag="337"><subfield code="b">n</subfield><subfield code="2">rdamedia</subfield></datafield><datafield ind1=" " ind2=" " tag="338"><subfield code="b">nc</subfield><subfield code="2">rdacarrier</subfield></datafield><datafield ind1=" " ind2="2" tag="650"><subfield code="a">Pharmacognosy</subfield></datafield><datafield ind1=" " ind2="2" tag="650"><subfield code="a">Plants, Medicinal</subfield><subfield code="x">anatomy &amp; histology</subfield></datafield><datafield ind1=" " ind2="2" tag="650"><subfield code="a">Powders</subfield><subfield code="x">analysis</subfield></datafield><datafield ind1=" " ind2="7" tag="650"><subfield code="a">Microscopie</subfield><subfield code="0">(IDREF)027424863</subfield><subfield code="2">idref</subfield></datafield><datafield ind1=" " ind2="7" tag="650"><subfield code="a">Plantes médicinales</subfield><subfield code="0">(IDREF)027247317</subfield><subfield code="2">idref</subfield></datafield><datafield ind1=" " ind2="7" tag="650"><subfield code="a">Arzneimittel</subfield><subfield code="2">idszbz</subfield></datafield><datafield ind1=" " ind2="7" tag="650"><subfield code="a">ARZNEIPULVER</subfield><subfield code="9">ger</subfield><subfield code="0">(ETHUDK)000026813</subfield><subfield code="2">ethudk</subfield></datafield><datafield ind1=" " ind2="7" tag="650"><subfield code="a">BIOLOGISCHE ARZNEIMITTELPRÜFUNG + BIOLOGISCHE ARZNEIMITTELSTANDARDISIERUNG</subfield><subfield code="9">ger</subfield><subfield code="0">(ETHUDK)000039309</subfield><subfield code="2">ethudk</subfield></datafield><datafield ind1=" " ind2="7" tag="650"><subfield code="a">MIKROSKOPIE (BIOLOGISCHE TECHNIKEN)</subfield><subfield code="9">ger</subfield><subfield code="0">(ETHUDK)000021346</subfield><subfield code="2">ethudk</subfield></datafield><datafield ind1=" " ind2="7" tag="650"><subfield code="a">PHARMAKOGNOSIE + BIOPHARMAKOLOGIE + PHARMAZEUTISCHE BIOLOGIE</subfield><subfield code="9">ger</subfield><subfield code="0">(ETHUDK)000026762</subfield><subfield code="2">ethudk</subfield></datafield><datafield ind1=" " ind2="7" tag="650"><subfield code="a">Deutsches Arzneibuch</subfield><subfield code="0">(DE-588)4139635-2</subfield><subfield code="2">gnd</subfield></datafield><datafield ind1=" " ind2="7" tag="650"><subfield code="a">Droge</subfield><subfield code="0">(DE-588)4013058-7</subfield><subfield code="2">gnd</subfield></datafield><datafield ind1=" " ind2="2" tag="650"><subfield code="a">Drugs, Chinese Herbal</subfield><subfield code="0">(DNLM)D004365</subfield></datafield><datafield ind1=" " ind2="2" tag="650"><subfield code="a">Microscopy</subfield><subfield code="0">(DNLM)D008853</subfield></datafield><datafield ind1=" " ind2="2" tag="650"><subfield code="a">Pharmaceutical Preparations</subfield><subfield code="x">analysis</subfield><subfield code="0">(DNLM)D004364Q000032</subfield></datafield><datafield ind1=" " ind2="7" tag="650"><subfield code="a">Arzneimittelanalyse</subfield><subfield code="v">Atlas</subfield><subfield code="2">idsbb</subfield></datafield><datafield ind1=" " ind2="7" tag="650"><subfield code="a">Arzneipflanzen</subfield><subfield code="x">Analyse</subfield><subfield code="v">Atlas</subfield><subfield code="2">idsbb</subfield></datafield><datafield ind1=" " ind2="7" tag="650"><subfield code="a">Arzneipflanzen</subfield><subfield code="x">Mikroskopie</subfield><subfield code="v">Atlas</subfield><subfield code="2">idsbb</subfield></datafield><datafield ind1=" " ind2="7" tag="650"><subfield code="a">Mikroskopie</subfield><subfield code="x">Arzneipflanzen</subfield><subfield code="v">Atlas</subfield><subfield code="2">idsbb</subfield></datafield><datafield ind1=" " ind2="2" tag="655"><subfield code="a">Atlas</subfield></datafield><datafield ind1=" " ind2="7" tag="655"><subfield code="a">Atlas</subfield><subfield code="0">(IDREF)027280810</subfield><subfield code="2">idref</subfield></datafield><datafield ind1=" " ind2="7" tag="655"><subfield code="a">Bildband</subfield><subfield code="2">idszbz</subfield></datafield><datafield ind1=" " ind2="7" tag="655"><subfield code="a">Atlas</subfield><subfield code="2">gnd-content</subfield></datafield><datafield ind1=" " ind2="2" tag="655"><subfield code="a">Atlas</subfield><subfield code="0">(DNLM)D020466</subfield></datafield><datafield ind1="1" ind2=" " tag="700"><subfield code="a">Scholz, Eberhard</subfield><subfield code="0">(RERO)A003805380</subfield></datafield><datafield ind1="4" ind2=" " tag="856"><subfield code="3">Inhaltsverzeichnis</subfield><subfield code="u">https://d-nb.info/994595247/04</subfield><subfield code="q">pdf</subfield></datafield><datafield ind1=" " ind2=" " tag="900"><subfield code="a">REROnoselfmerge</subfield></datafield><datafield ind1=" " ind2=" " tag="949"><subfield code="a">https://d-nb.info/994595247/04</subfield></datafield></record>
</metadata></record>