<record><header><identifier>oai:alma.41SLSP_UGE:991000015449705502</identifier><datestamp>2024-06-29T00:13:16Z</datestamp><setSpec>uge_bcen_RapidILL_BOOK</setSpec><setSpec>uge_aaca_RapidILL_BOOK</setSpec><setSpec>uge_abels_RapidILL_BOOK</setSpec><setSpec>uge_dbu_RapidILL_BOOK</setSpec><setSpec>uge_cmu_RapidILL_BOOK</setSpec><setSpec>uge_mail_RapidILL_BOOK</setSpec><setSpec>uge_abbat_RapidILL_BOOK</setSpec><setSpec>UNIGE_ALL</setSpec><setSpec>uge_aobs_RapidILL_BOOK</setSpec><setSpec>uge_acar_RapidILL_BOOK</setSpec></header><metadata>
<record xmlns="http://www.loc.gov/MARC21/slim" xmlns:xsi="http://www.w3.org/2001/XMLSchema-instance" xsi:schemaLocation="http://www.loc.gov/MARC21/slim http://www.loc.gov/standards/marcxml/schema/MARC21slim.xsd"><leader>02958nam a2200625uc 4500</leader><controlfield tag="001">991000015449705502</controlfield><controlfield tag="005">20240627093619.0</controlfield><controlfield tag="008">201011s1988    gw     |      10| ||eng|d</controlfield><datafield ind1=" " ind2=" " tag="015"><subfield code="a">88,N32,0468</subfield></datafield><datafield ind1=" " ind2=" " tag="019"><subfield code="a">Landsberg, Marge E. (1925-) / Mezger, 23.8.89</subfield></datafield><datafield ind1=" " ind2=" " tag="020"><subfield code="a">3110110873</subfield><subfield code="q">de Gruyter, Berlin</subfield></datafield><datafield ind1=" " ind2=" " tag="020"><subfield code="a">0899253709</subfield><subfield code="q">de Gruyter, New York</subfield></datafield><datafield ind1=" " ind2=" " tag="035"><subfield code="a">(swissbib)213932415-41slsp_network</subfield></datafield><datafield ind1=" " ind2=" " tag="035"><subfield code="a">213932415</subfield><subfield code="9">ExL</subfield></datafield><datafield ind1=" " ind2=" " tag="035"><subfield code="a">(NEBIS)001064890EBI01</subfield></datafield><datafield ind1=" " ind2=" " tag="035"><subfield code="a">(RERO)1069812-41slsp</subfield></datafield><datafield ind1=" " ind2=" " tag="035"><subfield code="a">(IDSBB)001198131DSV01</subfield></datafield><datafield ind1=" " ind2=" " tag="035"><subfield code="a">(EXLNZ-41SLSP_NETWORK)991062326979705501</subfield></datafield><datafield ind1=" " ind2=" " tag="040"><subfield code="a">ZBZ</subfield><subfield code="b">ger</subfield><subfield code="e">ETHICS-ISBD</subfield><subfield code="d">CH-ZuSLS</subfield></datafield><datafield ind1=" " ind2=" " tag="044"><subfield code="a">gw</subfield><subfield code="a">xxu</subfield></datafield><datafield ind1=" " ind2="7" tag="072"><subfield code="a">lg</subfield><subfield code="2">rero</subfield></datafield><datafield ind1="0" ind2="0" tag="082"><subfield code="a">401</subfield><subfield code="2">19</subfield></datafield><datafield ind1=" " ind2=" " tag="084"><subfield code="a">ES 415</subfield><subfield code="2">rvk</subfield></datafield><datafield ind1="1" ind2=" " tag="100"><subfield code="a">Landsberg, Marge E.</subfield><subfield code="6">880-01</subfield></datafield><datafield ind1="1" ind2=" " tag="880"><subfield code="6">100-01</subfield><subfield code="a">Landsberg, Marge E.</subfield><subfield code="d">1925-....</subfield><subfield code="0">(IDREF)030162890</subfield></datafield><datafield ind1="1" ind2="0" tag="245"><subfield code="a">&lt;&lt;The&gt;&gt; genesis of language</subfield><subfield code="b">a different judgement of evidence</subfield><subfield code="c">ed. by Marge E. Landsberg</subfield></datafield><datafield ind1=" " ind2="1" tag="264"><subfield code="a">Berlin [etc.]</subfield><subfield code="b">Mouton de Gruyter</subfield><subfield code="c">1988</subfield></datafield><datafield ind1=" " ind2=" " tag="300"><subfield code="a">XIV, 278 p.</subfield><subfield code="c">24 cm</subfield></datafield><datafield ind1=" " ind2=" " tag="336"><subfield code="b">txt</subfield><subfield code="2">rdacontent</subfield></datafield><datafield ind1=" " ind2=" " tag="337"><subfield code="b">n</subfield><subfield code="2">rdamedia</subfield></datafield><datafield ind1=" " ind2=" " tag="338"><subfield code="b">nc</subfield><subfield code="2">rdacarrier</subfield></datafield><datafield ind1="1" ind2=" " tag="490"><subfield code="a">Studies in anthropological linguistics</subfield><subfield code="v">3</subfield></datafield><datafield ind1=" " ind2=" " tag="500"><subfield code="a">Selected papers from the Symposium on the Origins of Language held during phase II of the XIth International Congress of Anthropological and Ethnological Sciences, August 20-23, 1983, Vancouver, B.C., Canada</subfield></datafield><datafield ind1=" " ind2=" " tag="500"><subfield code="a">Papers presented to the 11th International Congress of Anthropological and Ethnological Sciences at Vancouver, August 1983</subfield></datafield><datafield ind1="4" ind2=" " tag="510"><subfield code="a">L'Homme (Paris) ; (1990) N⁰ 116, p. 183-184 (Frédéric François)</subfield></datafield><datafield ind1="4" ind2=" " tag="510"><subfield code="a">American anthropologist (Washington) ; (1990) vol. 92(1), p. 248-249 (Robert K. Herbert)</subfield></datafield><datafield ind1=" " ind2="7" tag="650"><subfield code="a">Sprachentwicklung</subfield><subfield code="2">idszbz</subfield></datafield><datafield ind1=" " ind2="7" tag="650"><subfield code="a">Sprachursprung</subfield><subfield code="0">(DE-588)4077740-6</subfield><subfield code="2">gnd</subfield></datafield><datafield ind1=" " ind2="7" tag="650"><subfield code="a">Sprachentwicklung</subfield><subfield code="0">(DE-588)4182511-1</subfield><subfield code="2">gnd</subfield></datafield><datafield ind1=" " ind2="0" tag="650"><subfield code="a">Anthropological linguistics</subfield><subfield code="v">Congresses</subfield></datafield><datafield ind1=" " ind2="0" tag="650"><subfield code="a">Anthropological linguistics</subfield><subfield code="x">Congresses</subfield></datafield><datafield ind1=" " ind2="0" tag="650"><subfield code="a">Biolinguistics</subfield><subfield code="v">Congresses</subfield></datafield><datafield ind1=" " ind2="0" tag="650"><subfield code="a">Biolinguistics</subfield><subfield code="x">Congresses</subfield></datafield><datafield ind1=" " ind2="0" tag="650"><subfield code="a">Language and languages</subfield><subfield code="x">Origin</subfield><subfield code="v">Congresses</subfield></datafield><datafield ind1=" " ind2="0" tag="650"><subfield code="a">Language and languages</subfield><subfield code="x">Origin</subfield><subfield code="x">Congresses</subfield></datafield><datafield ind1=" " ind2="7" tag="650"><subfield code="a">langage - origine</subfield><subfield code="0">(RERO)A010105890</subfield><subfield code="2">rerovoc</subfield></datafield><datafield ind1=" " ind2="7" tag="655"><subfield code="a">Aufsatzsammlung</subfield><subfield code="2">gnd-content</subfield></datafield><datafield ind1=" " ind2="7" tag="655"><subfield code="a">Aufsatzsammlung</subfield><subfield code="2">idszbz</subfield></datafield><datafield ind1=" " ind2="7" tag="655"><subfield code="a">Konferenzschrift</subfield><subfield code="z">Vancouver (BC)</subfield><subfield code="y">1983</subfield><subfield code="2">gnd-content</subfield></datafield><datafield ind1=" " ind2="7" tag="655"><subfield code="a">[Études diverses]</subfield><subfield code="0">(RERO)A022249905</subfield><subfield code="2">rero</subfield></datafield><datafield ind1=" " ind2="7" tag="655"><subfield code="a">Konferenzschrift</subfield><subfield code="z">Vancouver (British Columbia)</subfield><subfield code="y">1983</subfield><subfield code="2">gnd-content</subfield></datafield><datafield ind1="2" ind2=" " tag="711"><subfield code="a">Symposium on the Origins of Language</subfield><subfield code="d">1983</subfield><subfield code="c">Vancouver, British Columbia</subfield><subfield code="0">(DE-588)5000148-6</subfield></datafield><datafield ind1="2" ind2=" " tag="711"><subfield code="a">International Congress of Anthropological and Ethnological Sciences</subfield><subfield code="0">(DE-588)11814-X</subfield><subfield code="6">880-03</subfield></datafield><datafield ind1="2" ind2=" " tag="880"><subfield code="a">International Congress of Anthropological and Ethnological Sciences</subfield><subfield code="0">(DE-588)11814-X</subfield><subfield code="6">711-03</subfield></datafield><datafield ind1=" " ind2=" " tag="830"><subfield code="a">Studies in anthropological linguistics</subfield><subfield code="v">3</subfield><subfield code="w">(NEBIS)001064891EBI01</subfield></datafield><datafield ind1=" " ind2=" " tag="900"><subfield code="a">REROnoselfmerge</subfield></datafield></record>
</metadata></record>