<record><header><identifier>oai:alma.41SLSP_UGE:991000016199705502</identifier><datestamp>2023-03-01T01:09:17Z</datestamp><setSpec>uge_bcen_RapidILL_BOOK</setSpec><setSpec>uge_aaca_RapidILL_BOOK</setSpec><setSpec>uge_abels_RapidILL_BOOK</setSpec><setSpec>uge_dbu_RapidILL_BOOK</setSpec><setSpec>uge_cmu_RapidILL_BOOK</setSpec><setSpec>uge_mail_RapidILL_BOOK</setSpec><setSpec>UNIGE_ALL</setSpec><setSpec>uge_abbat_RapidILL_BOOK</setSpec><setSpec>uge_aobs_RapidILL_BOOK</setSpec><setSpec>uge_acar_RapidILL_BOOK</setSpec></header><metadata>
<record xmlns="http://www.loc.gov/MARC21/slim" xmlns:xsi="http://www.w3.org/2001/XMLSchema-instance" xsi:schemaLocation="http://www.loc.gov/MARC21/slim http://www.loc.gov/standards/marcxml/schema/MARC21slim.xsd"><leader>01500nam a2200385 c 4500</leader><controlfield tag="001">991000016199705502</controlfield><controlfield tag="005">20201231102639.0</controlfield><controlfield tag="008">201011s1970    gw ||||| |||| 00| ||ger d</controlfield><datafield ind1=" " ind2=" " tag="035"><subfield code="a">(swissbib)231806191-41slsp_network</subfield></datafield><datafield ind1=" " ind2=" " tag="035"><subfield code="a">231806191</subfield><subfield code="9">ExL</subfield></datafield><datafield ind1=" " ind2=" " tag="035"><subfield code="a">(RERO)0956064-41slsp</subfield></datafield><datafield ind1=" " ind2=" " tag="035"><subfield code="a">(IDSLU)000230988ILU01</subfield></datafield><datafield ind1=" " ind2=" " tag="035"><subfield code="a">(NEBIS)004669605EBI01</subfield></datafield><datafield ind1=" " ind2=" " tag="035"><subfield code="a">(EXLNZ-41SLSP_NETWORK)991029512769705501</subfield></datafield><datafield ind1=" " ind2=" " tag="040"><subfield code="a">RERO frbcuc</subfield><subfield code="d">CH-ZuSLS</subfield></datafield><datafield ind1=" " ind2="7" tag="072"><subfield code="a">so</subfield><subfield code="2">rero</subfield></datafield><datafield ind1=" " ind2="7" tag="072"><subfield code="a">140</subfield><subfield code="2">IDS LU</subfield></datafield><datafield ind1="0" ind2="0" tag="245"><subfield code="a">Theorien des Sozialen Wandels</subfield><subfield code="c">hrsg. von Wolfgang Zapf</subfield></datafield><datafield ind1=" " ind2=" " tag="250"><subfield code="a">[2. Aufl.]</subfield></datafield><datafield ind1=" " ind2="1" tag="264"><subfield code="a">Köln</subfield><subfield code="a">Berlin</subfield><subfield code="b">Kiepenheuer &amp; Witsch</subfield><subfield code="c">1970</subfield></datafield><datafield ind1=" " ind2=" " tag="300"><subfield code="a">534 S.</subfield><subfield code="b">Fig.</subfield><subfield code="c">23 cm</subfield></datafield><datafield ind1=" " ind2=" " tag="336"><subfield code="b">txt</subfield><subfield code="2">rdacontent</subfield></datafield><datafield ind1=" " ind2=" " tag="337"><subfield code="b">n</subfield><subfield code="2">rdamedia</subfield></datafield><datafield ind1=" " ind2=" " tag="338"><subfield code="b">nc</subfield><subfield code="2">rdacarrier</subfield></datafield><datafield ind1="1" ind2=" " tag="490"><subfield code="a">Neue wissenschaftliche Bibliothek</subfield><subfield code="v">31.</subfield><subfield code="a">Soziologie</subfield></datafield><datafield ind1=" " ind2="7" tag="650"><subfield code="a">changement (sociologie) - théorie</subfield><subfield code="0">(RERO)A010062817</subfield><subfield code="2">rerovoc</subfield></datafield><datafield ind1=" " ind2="7" tag="650"><subfield code="a">Sozialer Wandel</subfield><subfield code="0">(DE-588)4077587-2</subfield><subfield code="2">gnd</subfield></datafield><datafield ind1=" " ind2="7" tag="650"><subfield code="a">Theorie</subfield><subfield code="0">(DE-588)4059787-8</subfield><subfield code="2">gnd</subfield></datafield><datafield ind1=" " ind2="7" tag="650"><subfield code="a">SOZIALER WANDEL + GESELLSCHAFTLICHE ENTWICKLUNG (SOZIOLOGIE)</subfield><subfield code="9">ger</subfield><subfield code="0">(ETHUDK)000011903</subfield><subfield code="2">ethudk</subfield></datafield><datafield ind1=" " ind2="7" tag="655"><subfield code="a">[Études diverses]</subfield><subfield code="0">(RERO)A022249905</subfield><subfield code="2">rero</subfield></datafield><datafield ind1=" " ind2="7" tag="655"><subfield code="a">Aufsatzsammlung</subfield><subfield code="2">gnd-content</subfield></datafield><datafield ind1="1" ind2=" " tag="700"><subfield code="a">Zapf, Wolfgang</subfield><subfield code="d">1937-2018</subfield><subfield code="0">(IDREF)034865470</subfield></datafield><datafield ind1=" " ind2=" " tag="830"><subfield code="a">Neue wissenschaftliche Bibliothek</subfield><subfield code="v">31</subfield><subfield code="w">(IDSLU)000207138ILU01</subfield></datafield><datafield ind1=" " ind2=" " tag="830"><subfield code="a">Neue wissenschaftliche Bibliothek</subfield><subfield code="v">31/2</subfield><subfield code="w">(NEBIS)000987057EBI01</subfield></datafield><datafield ind1=" " ind2=" " tag="830"><subfield code="a">Neue wissenschaftliche Bibliothek</subfield><subfield code="v">31</subfield><subfield code="w">(RERO)0008057-41slsp</subfield></datafield><datafield ind1=" " ind2=" " tag="900"><subfield code="a">REROnoselfmerge</subfield></datafield></record>
</metadata></record>