<record><header><identifier>oai:alma.41SLSP_UGE:991000015989705502</identifier><datestamp>2023-03-01T01:09:17Z</datestamp><setSpec>uge_cmu_RapidILL_JOURNAL</setSpec><setSpec>uge_aobs_RapidILL_JOURNAL</setSpec><setSpec>uge_aaca_RapidILL_JOURNAL</setSpec><setSpec>uge_bcen_RapidILL_JOURNAL</setSpec><setSpec>uge_abbat_RapidILL_JOURNAL</setSpec><setSpec>uge_mail_RapidILL_JOURNAL</setSpec><setSpec>uge_dbu_RapidILL_JOURNAL</setSpec><setSpec>UNIGE_ALL</setSpec><setSpec>uge_abels_RapidILL_JOURNAL</setSpec><setSpec>uge_acar_RapidILL_JOURNAL</setSpec></header><metadata>
<record xmlns="http://www.loc.gov/MARC21/slim" xmlns:xsi="http://www.w3.org/2001/XMLSchema-instance" xsi:schemaLocation="http://www.loc.gov/MARC21/slim http://www.loc.gov/standards/marcxml/schema/MARC21slim.xsd"><leader>01948nas a2200469 c 4500</leader><controlfield tag="001">991000015989705502</controlfield><controlfield tag="005">20230223195639.0</controlfield><controlfield tag="008">201012d20042016sz  | p       0    0eng  </controlfield><datafield ind1="7" ind2=" " tag="016"><subfield code="a">2136784-X</subfield><subfield code="2">ZDB</subfield></datafield><datafield ind1=" " ind2=" " tag="022"><subfield code="l">1612-1872</subfield></datafield><datafield ind1=" " ind2=" " tag="022"><subfield code="a">1612-1872</subfield></datafield><datafield ind1=" " ind2=" " tag="035"><subfield code="a">(swissbib)238261999-41slsp_network</subfield></datafield><datafield ind1=" " ind2=" " tag="035"><subfield code="a">238261999</subfield><subfield code="9">ExL</subfield></datafield><datafield ind1=" " ind2=" " tag="035"><subfield code="a">(NEBIS)004676421EBI01</subfield></datafield><datafield ind1=" " ind2=" " tag="035"><subfield code="a">(RERO)R003631325-41slsp</subfield></datafield><datafield ind1=" " ind2=" " tag="035"><subfield code="a">(EXLNZ-41SLSP_NETWORK)991082789169705501</subfield></datafield><datafield ind1=" " ind2=" " tag="040"><subfield code="a">SzZuIDS NEBIS ETH-BIB</subfield><subfield code="b">ger</subfield><subfield code="e">rda</subfield><subfield code="d">CH-ZuSLS</subfield></datafield><datafield ind1=" " ind2=" " tag="044"><subfield code="a">sz</subfield><subfield code="c">ch-zh</subfield></datafield><datafield ind1=" " ind2="7" tag="072"><subfield code="a">ch</subfield><subfield code="2">rero</subfield></datafield><datafield ind1=" " ind2="7" tag="072"><subfield code="a">bi</subfield><subfield code="2">rero</subfield></datafield><datafield ind1="1" ind2=" " tag="210"><subfield code="a">Chem. biodivers.</subfield><subfield code="b">Print</subfield></datafield><datafield ind1="1" ind2="0" tag="210"><subfield code="a">Chem. Biodiversity</subfield></datafield><datafield ind1="0" ind2="0" tag="245"><subfield code="a">Chemistry &amp; biodiversity</subfield><subfield code="b">an official journal of the Center for the Study of Biological Complexity (CSBC), Virgina Commonwealth University, USA</subfield></datafield><datafield ind1="1" ind2="3" tag="246"><subfield code="a">Chemistry and biodiversity</subfield></datafield><datafield ind1=" " ind2="1" tag="264"><subfield code="a">Zürich</subfield><subfield code="b">Helvetica Chimica Acta</subfield><subfield code="c">2004-2016</subfield></datafield><datafield ind1=" " ind2=" " tag="300"><subfield code="a">Bände</subfield></datafield><datafield ind1=" " ind2=" " tag="310"><subfield code="a">Monatlich</subfield></datafield><datafield ind1=" " ind2=" " tag="336"><subfield code="b">txt</subfield><subfield code="2">rdacontent</subfield></datafield><datafield ind1=" " ind2=" " tag="337"><subfield code="b">n</subfield><subfield code="2">rdamedia</subfield></datafield><datafield ind1=" " ind2=" " tag="338"><subfield code="b">nc</subfield><subfield code="2">rdacarrier</subfield></datafield><datafield ind1="0" ind2=" " tag="362"><subfield code="a">Volume 1, no. 1 (2004)-volume 13, no. 12 (Dec. 2016)</subfield></datafield><datafield ind1=" " ind2=" " tag="500"><subfield code="a">Erscheint ab 2017 nur online</subfield></datafield><datafield ind1=" " ind2=" " tag="530"><subfield code="a">Existe aussi en version électronique</subfield></datafield><datafield ind1=" " ind2="7" tag="650"><subfield code="a">ARTENVIELFALT + BIODIVERSITÄT (BIOLOGIE)</subfield><subfield code="9">ger</subfield><subfield code="0">(ETHUDK)000039997</subfield><subfield code="2">ethudk</subfield></datafield><datafield ind1=" " ind2="7" tag="650"><subfield code="a">KOMPLEXITÄT (ALLGEMEIN)</subfield><subfield code="9">ger</subfield><subfield code="0">(ETHUDK)000038735</subfield><subfield code="2">ethudk</subfield></datafield><datafield ind1=" " ind2="7" tag="650"><subfield code="a">Biochimie</subfield><subfield code="0">(IDREF)027221318</subfield><subfield code="2">idref</subfield></datafield><datafield ind1=" " ind2="7" tag="655"><subfield code="a">Zeitschrift</subfield><subfield code="2">gnd-content</subfield></datafield><datafield ind1=" " ind2="7" tag="655"><subfield code="a">Périodiques</subfield><subfield code="0">(IDREF)02724640X</subfield><subfield code="2">idref</subfield></datafield><datafield ind1="2" ind2=" " tag="710"><subfield code="a">Center for the Study of Biological Complexity (Richmond)</subfield><subfield code="0">(RERO)A009650308</subfield></datafield><datafield ind1="2" ind2=" " tag="710"><subfield code="a">Center for the Study of Biological Complexity</subfield><subfield code="g">CSBC, Virgina Commonwealth University, USA</subfield><subfield code="0">(DE-588)1087568811</subfield><subfield code="e">Herausgebendes Organ</subfield><subfield code="4">isb</subfield></datafield><datafield ind1="0" ind2=" " tag="776"><subfield code="t">Chemistry &amp; [and] biodiversity : [an official journal of the Center for the Study of Biological Complexity]</subfield><subfield code="w">(RERO)R003631325-41slsp</subfield></datafield><datafield ind1=" " ind2=" " tag="900"><subfield code="a">NEBISnoselfmerge</subfield></datafield><datafield ind1=" " ind2=" " tag="900"><subfield code="a">REROnoselfmerge</subfield></datafield></record>
</metadata></record>