<record><header><identifier>oai:alma.41SLSP_UGE:991000016089705502</identifier><datestamp>2023-07-09T00:16:27Z</datestamp><setSpec>uge_bcen_RapidILL_BOOK</setSpec><setSpec>uge_aaca_RapidILL_BOOK</setSpec><setSpec>uge_abels_RapidILL_BOOK</setSpec><setSpec>uge_dbu_RapidILL_BOOK</setSpec><setSpec>uge_cmu_RapidILL_BOOK</setSpec><setSpec>uge_mail_RapidILL_BOOK</setSpec><setSpec>UNIGE_ALL</setSpec><setSpec>uge_abbat_RapidILL_BOOK</setSpec><setSpec>uge_aobs_RapidILL_BOOK</setSpec><setSpec>uge_acar_RapidILL_BOOK</setSpec></header><metadata>
<record xmlns="http://www.loc.gov/MARC21/slim" xmlns:xsi="http://www.w3.org/2001/XMLSchema-instance" xsi:schemaLocation="http://www.loc.gov/MARC21/slim http://www.loc.gov/standards/marcxml/schema/MARC21slim.xsd"><leader>01675nam a2200493 c 4500</leader><controlfield tag="001">991000016089705502</controlfield><controlfield tag="005">20230220202822.0</controlfield><controlfield tag="008">201012s1990    it ||||| |||| 00| ||ita d</controlfield><datafield ind1=" " ind2=" " tag="020"><subfield code="a">8872210526</subfield></datafield><datafield ind1="7" ind2=" " tag="024"><subfield code="a">http://catalogue.bnf.fr/ark:/12148/cb36656977s</subfield><subfield code="2">uri</subfield></datafield><datafield ind1=" " ind2=" " tag="035"><subfield code="a">(swissbib)23887169X-41slsp_network</subfield></datafield><datafield ind1=" " ind2=" " tag="035"><subfield code="a">23887169X</subfield><subfield code="9">ExL</subfield></datafield><datafield ind1=" " ind2=" " tag="035"><subfield code="a">(RERO)1433651-41slsp</subfield></datafield><datafield ind1=" " ind2=" " tag="035"><subfield code="a">(NEBIS)001195344EBI01</subfield></datafield><datafield ind1=" " ind2=" " tag="035"><subfield code="a">(IDSBB)000993553DSV01</subfield></datafield><datafield ind1=" " ind2=" " tag="035"><subfield code="a">(EXLNZ-41SLSP_NETWORK)991082491859705501</subfield></datafield><datafield ind1=" " ind2=" " tag="040"><subfield code="a">RERO geulsa</subfield><subfield code="d">CH-ZuSLS</subfield></datafield><datafield ind1=" " ind2="7" tag="072"><subfield code="a">ar</subfield><subfield code="2">rero</subfield></datafield><datafield ind1=" " ind2="7" tag="072"><subfield code="a">ar</subfield><subfield code="2">SzZuIDS BS/BE</subfield></datafield><datafield ind1="0" ind2="0" tag="082"><subfield code="a">937/.7</subfield><subfield code="2">20</subfield></datafield><datafield ind1="1" ind2="4" tag="082"><subfield code="a">937.7</subfield><subfield code="2">22</subfield></datafield><datafield ind1="1" ind2="4" tag="082"><subfield code="a">930</subfield><subfield code="2">15</subfield></datafield><datafield ind1=" " ind2=" " tag="084"><subfield code="a">LF 2718</subfield><subfield code="2">rvk</subfield></datafield><datafield ind1=" " ind2=" " tag="084"><subfield code="a">NH 7711</subfield><subfield code="2">rvk</subfield></datafield><datafield ind1="1" ind2=" " tag="100"><subfield code="a">Costamagna, Liliana</subfield><subfield code="d">19..-....</subfield><subfield code="0">(IDREF)056819862</subfield><subfield code="4">cre</subfield></datafield><datafield ind1="1" ind2="0" tag="245"><subfield code="a">&lt;&lt;Una&gt;&gt; città in Magna Grecia Locri Epizefiri</subfield><subfield code="b">guida archeologica</subfield><subfield code="c">Liliana Costamagna, Claudio Sabbione</subfield></datafield><datafield ind1=" " ind2="1" tag="264"><subfield code="a">Reggio Calabria</subfield><subfield code="b">Laruffa ed.</subfield><subfield code="c">1990</subfield></datafield><datafield ind1=" " ind2=" " tag="300"><subfield code="a">318 S.</subfield><subfield code="b">Ill.</subfield><subfield code="c">30 cm</subfield><subfield code="e">1 Faltbl.</subfield></datafield><datafield ind1=" " ind2=" " tag="336"><subfield code="b">txt</subfield><subfield code="2">rdacontent</subfield></datafield><datafield ind1=" " ind2=" " tag="337"><subfield code="b">n</subfield><subfield code="2">rdamedia</subfield></datafield><datafield ind1=" " ind2=" " tag="338"><subfield code="b">nc</subfield><subfield code="2">rdacarrier</subfield></datafield><datafield ind1=" " ind2=" " tag="504"><subfield code="a">Literaturverz.</subfield></datafield><datafield ind1=" " ind2="7" tag="650"><subfield code="a">Archéologie</subfield><subfield code="0">(IDREF)02726971X</subfield><subfield code="2">idref</subfield></datafield><datafield ind1=" " ind2="7" tag="650"><subfield code="a">Ausgrabung</subfield><subfield code="2">idszbz</subfield></datafield><datafield ind1=" " ind2="7" tag="651"><subfield code="a">Locri (Italie)</subfield><subfield code="0">(RERO)A010005811</subfield><subfield code="2">rero</subfield></datafield><datafield ind1=" " ind2="7" tag="651"><subfield code="a">Italien</subfield><subfield code="2">idszbz</subfield></datafield><datafield ind1=" " ind2="7" tag="651"><subfield code="a">Locri</subfield><subfield code="2">idszbz</subfield></datafield><datafield ind1=" " ind2="7" tag="651"><subfield code="a">Locri</subfield><subfield code="0">(DE-588)4111349-4</subfield><subfield code="2">gnd</subfield></datafield><datafield ind1=" " ind2="0" tag="651"><subfield code="a">Locri Epizephyrii (Extinct city)</subfield></datafield><datafield ind1=" " ind2="7" tag="651"><subfield code="a">Lokroi Epizephyrioi</subfield><subfield code="x">Archäologie</subfield><subfield code="2">idsbb</subfield></datafield><datafield ind1="1" ind2=" " tag="700"><subfield code="a">Sabbione, Claudio</subfield><subfield code="0">(IDREF)056819870</subfield></datafield><datafield ind1="2" ind2=" " tag="710"><subfield code="a">Italie</subfield><subfield code="b">Soprintendenza Archeologica della Calabria</subfield><subfield code="0">(IDREF)103641254</subfield></datafield><datafield ind1="2" ind2=" " tag="710"><subfield code="a">Reggio de Calabre</subfield><subfield code="g">Italie</subfield><subfield code="0">(IDREF)026399229</subfield></datafield><datafield ind1=" " ind2=" " tag="900"><subfield code="a">REROnoselfmerge</subfield></datafield><datafield ind1=" " ind2=" " tag="900"><subfield code="f">IDSU2medea</subfield></datafield></record>
</metadata></record>