<record><header><identifier>oai:alma.41SLSP_UGE:991000016399705502</identifier><datestamp>2023-04-14T00:13:38Z</datestamp><setSpec>uge_bcen_RapidILL_BOOK</setSpec><setSpec>uge_aaca_RapidILL_BOOK</setSpec><setSpec>uge_abels_RapidILL_BOOK</setSpec><setSpec>uge_dbu_RapidILL_BOOK</setSpec><setSpec>uge_cmu_RapidILL_BOOK</setSpec><setSpec>uge_mail_RapidILL_BOOK</setSpec><setSpec>uge_abbat_RapidILL_BOOK</setSpec><setSpec>UNIGE_ALL</setSpec><setSpec>uge_acar_RapidILL_BOOK</setSpec><setSpec>uge_aobs_RapidILL_BOOK</setSpec></header><metadata>
<record xmlns="http://www.loc.gov/MARC21/slim" xmlns:xsi="http://www.w3.org/2001/XMLSchema-instance" xsi:schemaLocation="http://www.loc.gov/MARC21/slim http://www.loc.gov/standards/marcxml/schema/MARC21slim.xsd"><leader>02871nam a2200601 c 4500</leader><controlfield tag="001">991000016399705502</controlfield><controlfield tag="005">20230413211301.0</controlfield><controlfield tag="008">201011s2014    si ||||| |||| 00| ||eng d</controlfield><datafield ind1=" " ind2=" " tag="010"><subfield code="a">2014007118</subfield></datafield><datafield ind1="7" ind2=" " tag="016"><subfield code="a">016655037</subfield><subfield code="2">Uk</subfield></datafield><datafield ind1=" " ind2=" " tag="020"><subfield code="a">9789814578202</subfield><subfield code="q">pbk.</subfield><subfield code="q">alk. paper</subfield></datafield><datafield ind1=" " ind2=" " tag="020"><subfield code="a">9814579157</subfield><subfield code="q">hardcover : alk. paper</subfield></datafield><datafield ind1=" " ind2=" " tag="020"><subfield code="a">9789814579155</subfield><subfield code="q">hardcover : alk. paper</subfield></datafield><datafield ind1=" " ind2=" " tag="020"><subfield code="a">9814578207</subfield><subfield code="q">pbk. : alk. paper</subfield></datafield><datafield ind1=" " ind2=" " tag="035"><subfield code="a">(swissbib)21776617X-41slsp_network</subfield></datafield><datafield ind1=" " ind2=" " tag="035"><subfield code="a">21776617X</subfield><subfield code="9">ExL</subfield></datafield><datafield ind1=" " ind2=" " tag="035"><subfield code="a">(RERO)R008594315-41slsp</subfield></datafield><datafield ind1=" " ind2=" " tag="035"><subfield code="a">(IDSBB)006257100DSV01</subfield></datafield><datafield ind1=" " ind2=" " tag="035"><subfield code="a">(NEBIS)010164329EBI01</subfield></datafield><datafield ind1=" " ind2=" " tag="035"><subfield code="a">(OCoLC)871965881</subfield><subfield code="z">(OCoLC)861774813</subfield></datafield><datafield ind1=" " ind2=" " tag="035"><subfield code="a">(EXLNZ-41SLSP_NETWORK)991070516629705501</subfield></datafield><datafield ind1=" " ind2=" " tag="040"><subfield code="a">DLC</subfield><subfield code="b">eng</subfield><subfield code="e">rda</subfield><subfield code="d">CH-ZuSLS</subfield></datafield><datafield ind1=" " ind2=" " tag="050"><subfield code="a">QH323.5</subfield><subfield code="b">.B436 2014</subfield></datafield><datafield ind1=" " ind2="7" tag="072"><subfield code="a">ch</subfield><subfield code="2">rero</subfield></datafield><datafield ind1=" " ind2="7" tag="072"><subfield code="a">py</subfield><subfield code="2">SzZuIDS BS/BE</subfield></datafield><datafield ind1=" " ind2="7" tag="072"><subfield code="a">ch</subfield><subfield code="2">SzZuIDS BS/BE</subfield></datafield><datafield ind1=" " ind2="7" tag="072"><subfield code="a">bi</subfield><subfield code="2">SzZuIDS BS/BE</subfield></datafield><datafield ind1="0" ind2="4" tag="082"><subfield code="a">572.072/7</subfield><subfield code="2">23</subfield></datafield><datafield ind1="1" ind2="4" tag="082"><subfield code="a">530</subfield><subfield code="2">15</subfield></datafield><datafield ind1="1" ind2="4" tag="082"><subfield code="a">570</subfield><subfield code="2">15</subfield></datafield><datafield ind1="1" ind2=" " tag="100"><subfield code="a">Ben-Naim, Arieh</subfield><subfield code="d">1934-</subfield><subfield code="0">(DE-588)138575460</subfield><subfield code="6">880-01</subfield></datafield><datafield ind1="1" ind2=" " tag="880"><subfield code="6">100-01</subfield><subfield code="a">Ben-Naim, Arieh</subfield><subfield code="d">1934-....</subfield><subfield code="0">(IDREF)032082010</subfield><subfield code="4">cre</subfield></datafield><datafield ind1="1" ind2="0" tag="245"><subfield code="a">Statistical thermodynamics</subfield><subfield code="b">with applications to the life sciences</subfield><subfield code="c">Arieh Ben-Naim</subfield></datafield><datafield ind1=" " ind2="1" tag="264"><subfield code="a">Singapore</subfield><subfield code="b">World Scientific</subfield><subfield code="c">2014</subfield></datafield><datafield ind1=" " ind2=" " tag="300"><subfield code="a">414 p.</subfield><subfield code="b">ill.</subfield></datafield><datafield ind1=" " ind2=" " tag="336"><subfield code="b">txt</subfield><subfield code="2">rdacontent</subfield></datafield><datafield ind1=" " ind2=" " tag="337"><subfield code="b">n</subfield><subfield code="2">rdamedia</subfield></datafield><datafield ind1=" " ind2=" " tag="338"><subfield code="b">nc</subfield><subfield code="2">rdacarrier</subfield></datafield><datafield ind1=" " ind2=" " tag="504"><subfield code="a">Includes bibliographical references (page 407) and index</subfield></datafield><datafield ind1="0" ind2=" " tag="505"><subfield code="a">Part I. Fundamentals. Introduction -- Shannon's Measure of Information -- Application of SMI to systems of non-interacting particles -- Part II. Applications. Thermodynamics of ideal gases -- Systems of adsorbed non-interacting ligands -- Cooperativity in binding processes -- One-dimensional lattice models -- Theory of a one-dimensional pure and simple fluid -- Theory of 1D dimensional mixtures -- A study of water and aqueous solutions in 1D</subfield></datafield><datafield ind1=" " ind2="7" tag="650"><subfield code="a">Thermodynamique statistique</subfield><subfield code="0">(IDREF)027835022</subfield><subfield code="2">idref</subfield></datafield><datafield ind1=" " ind2="7" tag="650"><subfield code="a">Statistische Thermodynamik</subfield><subfield code="0">(DE-588)4126251-7</subfield><subfield code="2">gnd</subfield></datafield><datafield ind1=" " ind2="0" tag="650"><subfield code="a">Biochemistry</subfield><subfield code="x">Statistical methods</subfield></datafield><datafield ind1=" " ind2="0" tag="650"><subfield code="a">Life sciences</subfield><subfield code="x">Statistical methods</subfield></datafield><datafield ind1=" " ind2="0" tag="650"><subfield code="a">Statistical thermodynamics</subfield></datafield><datafield ind1=" " ind2="7" tag="650"><subfield code="a">BIOLOGICAL THERMODYNAMICS</subfield><subfield code="9">eng</subfield><subfield code="0">(ETHUDK)000022892</subfield><subfield code="2">ethudk</subfield></datafield><datafield ind1=" " ind2="7" tag="650"><subfield code="a">CHEMICAL THERMODYNAMICS</subfield><subfield code="9">eng</subfield><subfield code="0">(ETHUDK)000015907</subfield><subfield code="2">ethudk</subfield></datafield><datafield ind1=" " ind2="7" tag="650"><subfield code="a">STATISTICAL MECHANICS</subfield><subfield code="9">eng</subfield><subfield code="0">(ETHUDK)000014326</subfield><subfield code="2">ethudk</subfield></datafield><datafield ind1=" " ind2="7" tag="655"><subfield code="a">Lehrbuch</subfield><subfield code="2">gnd-content</subfield></datafield><datafield ind1="4" ind2=" " tag="856"><subfield code="3">Titelblatt und Inhaltsverzeichnis</subfield><subfield code="u">https://toc.library.ethz.ch/objects/pdf03/e01_978-981-4578-20-2_01.pdf</subfield><subfield code="q">pdf</subfield></datafield><datafield ind1="4" ind2=" " tag="856"><subfield code="3">Abstract / Autoreninformation</subfield><subfield code="u">https://toc.library.ethz.ch/objects/pdf03/e01_978-981-4578-20-2_02.pdf</subfield><subfield code="q">pdf</subfield></datafield><datafield ind1=" " ind2=" " tag="911"><subfield code="a">100</subfield><subfield code="a">Ben-Naim, Arieh</subfield><subfield code="d">1934-</subfield></datafield><datafield ind1=" " ind2=" " tag="949"><subfield code="a">https://toc.library.ethz.ch/objects/pdf03/e01_978-981-4578-20-2_01.pdf</subfield></datafield><datafield ind1=" " ind2=" " tag="949"><subfield code="a">https://toc.library.ethz.ch/objects/pdf03/e01_978-981-4578-20-2_02.pdf</subfield></datafield></record>
</metadata></record>