<record><header><identifier>oai:alma.41SLSP_UGE:991000015669705502</identifier><datestamp>2024-11-05T01:07:04Z</datestamp><setSpec>uge_bcen_RapidILL_BOOK</setSpec><setSpec>uge_aaca_RapidILL_BOOK</setSpec><setSpec>uge_abels_RapidILL_BOOK</setSpec><setSpec>uge_dbu_RapidILL_BOOK</setSpec><setSpec>uge_cmu_RapidILL_BOOK</setSpec><setSpec>uge_mail_RapidILL_BOOK</setSpec><setSpec>uge_abbat_RapidILL_BOOK</setSpec><setSpec>UNIGE_ALL</setSpec><setSpec>uge_acar_RapidILL_BOOK</setSpec><setSpec>uge_aobs_RapidILL_BOOK</setSpec></header><metadata>
<record xmlns="http://www.loc.gov/MARC21/slim" xmlns:xsi="http://www.w3.org/2001/XMLSchema-instance" xsi:schemaLocation="http://www.loc.gov/MARC21/slim http://www.loc.gov/standards/marcxml/schema/MARC21slim.xsd"><leader>07496nam a2201225 c 4500</leader><controlfield tag="001">991000015669705502</controlfield><controlfield tag="005">20241104140939.0</controlfield><controlfield tag="008">201012s2015    sz            00| | ger| </controlfield><datafield ind1=" " ind2=" " tag="015"><subfield code="a">14,N21</subfield><subfield code="2">dnb</subfield></datafield><datafield ind1=" " ind2=" " tag="019"><subfield code="a">2. Hrsg. bitte stehen lassen, Institutsangehöriger</subfield><subfield code="5">NEBIS/19.3.2015, U-G12</subfield></datafield><datafield ind1=" " ind2=" " tag="019"><subfield code="a">UHS: Christian Koller bitte auch stehen lassen. Ist PD an der UZH</subfield><subfield code="5">NEBIS/26.3.15/U-M05</subfield></datafield><datafield ind1=" " ind2=" " tag="020"><subfield code="a">3857917571</subfield></datafield><datafield ind1=" " ind2=" " tag="020"><subfield code="a">9783857917578</subfield><subfield code="c">CHF 48.00</subfield></datafield><datafield ind1="3" ind2=" " tag="024"><subfield code="a">9783857917578</subfield></datafield><datafield ind1=" " ind2=" " tag="035"><subfield code="a">(swissbib)232891176-41slsp_network</subfield></datafield><datafield ind1=" " ind2=" " tag="035"><subfield code="a">232891176</subfield><subfield code="9">ExL</subfield></datafield><datafield ind1=" " ind2=" " tag="035"><subfield code="a">(NEBIS)010181224EBI01</subfield></datafield><datafield ind1=" " ind2=" " tag="035"><subfield code="a">(RERO)R007926134-41slsp</subfield></datafield><datafield ind1=" " ind2=" " tag="035"><subfield code="a">(IDSBB)006354186DSV01</subfield></datafield><datafield ind1=" " ind2=" " tag="035"><subfield code="a">(IDSSG)000703975HSB01</subfield></datafield><datafield ind1=" " ind2=" " tag="035"><subfield code="a">(IDSLU)001187936ILU01</subfield></datafield><datafield ind1=" " ind2=" " tag="035"><subfield code="a">(OCoLC)906084405</subfield></datafield><datafield ind1=" " ind2=" " tag="035"><subfield code="a">(OCoLC)880394819</subfield></datafield><datafield ind1=" " ind2=" " tag="035"><subfield code="a">(ABN)000771867ABN01</subfield></datafield><datafield ind1=" " ind2=" " tag="035"><subfield code="a">(ALEX)bv9925841905501791</subfield></datafield><datafield ind1=" " ind2=" " tag="035"><subfield code="a">(EXLNZ-41SLSP_NETWORK)991032290429705501</subfield></datafield><datafield ind1=" " ind2=" " tag="040"><subfield code="a">GWDNB</subfield><subfield code="d">CH-ZuSLS</subfield></datafield><datafield ind1=" " ind2=" " tag="044"><subfield code="a">sz</subfield><subfield code="c">ch-zh</subfield></datafield><datafield ind1=" " ind2="7" tag="072"><subfield code="a">ht</subfield><subfield code="2">rero</subfield></datafield><datafield ind1=" " ind2="7" tag="072"><subfield code="a">ss</subfield><subfield code="2">rero</subfield></datafield><datafield ind1=" " ind2="7" tag="072"><subfield code="a">wg</subfield><subfield code="2">SzZuIDS BS/BE</subfield></datafield><datafield ind1=" " ind2="7" tag="072"><subfield code="a">et</subfield><subfield code="2">SzZuIDS BS/BE</subfield></datafield><datafield ind1=" " ind2="7" tag="072"><subfield code="a">sg</subfield><subfield code="2">SzZuIDS BS/BE</subfield></datafield><datafield ind1=" " ind2="7" tag="072"><subfield code="a">172</subfield><subfield code="2">IDS LU</subfield></datafield><datafield ind1="0" ind2="4" tag="082"><subfield code="a">306.36094940904</subfield><subfield code="2">22</subfield></datafield><datafield ind1="0" ind2="4" tag="082"><subfield code="a">900</subfield></datafield><datafield ind1="1" ind2="4" tag="082"><subfield code="a">949.4</subfield><subfield code="2">15</subfield></datafield><datafield ind1="1" ind2="4" tag="082"><subfield code="a">330</subfield><subfield code="2">15</subfield></datafield><datafield ind1=" " ind2=" " tag="084"><subfield code="a">900</subfield><subfield code="2">sdnb</subfield></datafield><datafield ind1=" " ind2=" " tag="084"><subfield code="a">QV 020</subfield><subfield code="2">rvk</subfield></datafield><datafield ind1=" " ind2=" " tag="084"><subfield code="a">NW 2435</subfield><subfield code="2">rvk</subfield></datafield><datafield ind1="0" ind2="0" tag="245"><subfield code="a">Ausser Betrieb</subfield><subfield code="b">Metamorphosen der Arbeit in der Schweiz</subfield><subfield code="c">hrsg. von Brigitta Bernet und Jakob Tanner ; mit Beiträgen von Céline Angehrn, Christian Koller ... [et al.] ; eine Publikation des Schweizerischen Sozialarchivs</subfield></datafield><datafield ind1=" " ind2="1" tag="264"><subfield code="a">Zürich</subfield><subfield code="b">Limmat Verlag</subfield><subfield code="c">2015</subfield></datafield><datafield ind1=" " ind2=" " tag="300"><subfield code="a">343 S.</subfield><subfield code="b">Ill.</subfield><subfield code="c">24 cm</subfield></datafield><datafield ind1=" " ind2=" " tag="336"><subfield code="b">txt</subfield><subfield code="2">rdacontent</subfield></datafield><datafield ind1=" " ind2=" " tag="337"><subfield code="b">n</subfield><subfield code="2">rdamedia</subfield></datafield><datafield ind1=" " ind2=" " tag="338"><subfield code="b">nc</subfield><subfield code="2">rdacarrier</subfield></datafield><datafield ind1=" " ind2=" " tag="500"><subfield code="a">&quot;...Tagung &quot;Work in Progress. Arbeit in der Schweiz&quot; im November 2013, an der erste Versionen der Buchbeiträge vorgestellt und diskutiert wurden.&quot;. - S. 343</subfield></datafield><datafield ind1=" " ind2=" " tag="500"><subfield code="a">Eine Publikation des Schweizerischen Sozialarchivs</subfield></datafield><datafield ind1="3" ind2=" " tag="520"><subfield code="a">Der Betrieb war auch in der Schweiz die wichtigste Organisationsform der Industrialisierung. Von Anfang an bildete die Lohnarbeit das Kernelement privatwirtschaftlicher und öffentlicher Unternehmen. Lange hat sich die Sozialgeschichte auf diese Arbeitsformen konzentriert. Alltags-, geschlechter- und globalgeschichtliche Ansätze haben eine doppelte Blickverschiebung eingeleitet: auf die vielfältigen Arbeitsformen ausserhalb von Industriebetrieben einerseits, auf den Strukturwandel von Unternehmen, die immer mehr ausserbetriebliche Dienstleitungen integrieren, andererseits. &lt;&lt;Ausser Betrieb&gt;&gt; macht diese Veränderungen sichtbar. Das Buch versammelt siebzehn Beiträge von jüngeren Historikerinnen. Die Texte handeln von Hausarbeit, Kunst, Gefängnis, Berufsberatung, Handelsreisenden, Fitness- Kultur, &lt;&lt;Entwicklungshilfe&gt;&gt;, Sozialversicherungen und anderem mehr. Die Autoren schreiben so an einer erweiterten Geschichte der Arbeit mit, die auch ein neues Verständnis der Arbeit im Betrieb ermöglicht. (Quelle: www.buchhandel.de)</subfield></datafield><datafield ind1=" " ind2="7" tag="648"><subfield code="a">Geschichte</subfield><subfield code="2">gnd</subfield></datafield><datafield ind1=" " ind2="7" tag="648"><subfield code="a">Geschichte 1900-2000</subfield><subfield code="2">gnd</subfield></datafield><datafield ind1=" " ind2="7" tag="650"><subfield code="a">ARBEITSBEDINGUNGEN</subfield><subfield code="9">ger</subfield><subfield code="0">(ETHUDK)000010486</subfield><subfield code="2">ethudk</subfield></datafield><datafield ind1=" " ind2="7" tag="650"><subfield code="a">AUFSATZSAMMLUNGEN (DOKUMENTENTYP)</subfield><subfield code="9">ger</subfield><subfield code="0">(ETHUDK)000009249</subfield><subfield code="2">ethudk</subfield></datafield><datafield ind1=" " ind2="7" tag="650"><subfield code="a">GEHALT</subfield><subfield code="9">ger</subfield><subfield code="0">(ETHUDK)000010445</subfield><subfield code="2">ethudk</subfield></datafield><datafield ind1=" " ind2="7" tag="650"><subfield code="a">INDUSTRIEGESELLSCHAFT</subfield><subfield code="9">ger</subfield><subfield code="0">(ETHUDK)000010404</subfield><subfield code="2">ethudk</subfield></datafield><datafield ind1=" " ind2="7" tag="650"><subfield code="a">SCHWEIZ (MITTELEUROPA). SCHWEIZERISCHE EIDGENOSSENSCHAFT</subfield><subfield code="9">ger</subfield><subfield code="0">(ETHUDK)000004571</subfield><subfield code="2">ethudk</subfield></datafield><datafield ind1=" " ind2="7" tag="650"><subfield code="a">Travail</subfield><subfield code="0">(IDREF)027736067</subfield><subfield code="2">idref</subfield></datafield><datafield ind1=" " ind2="7" tag="650"><subfield code="a">Travail non rémunéré</subfield><subfield code="0">(IDREF)161932797</subfield><subfield code="2">idref</subfield></datafield><datafield ind1=" " ind2="7" tag="650"><subfield code="a">Travailleurs</subfield><subfield code="0">(IDREF)027791505</subfield><subfield code="2">idref</subfield></datafield><datafield ind1=" " ind2="7" tag="650"><subfield code="a">Salariat</subfield><subfield code="0">(IDREF)027480534</subfield><subfield code="2">idref</subfield></datafield><datafield ind1=" " ind2="7" tag="650"><subfield code="a">Conditions économiques</subfield><subfield code="0">(IDREF)028626885</subfield><subfield code="2">idref</subfield></datafield><datafield ind1=" " ind2="7" tag="650"><subfield code="a">Conditions de travail</subfield><subfield code="0">(IDREF)027466272</subfield><subfield code="2">idref</subfield></datafield><datafield ind1=" " ind2="7" tag="650"><subfield code="a">20e siècle</subfield><subfield code="0">(IDREF)086305646</subfield><subfield code="2">idref</subfield></datafield><datafield ind1=" " ind2="7" tag="650"><subfield code="a">Arbeitsbedingungen</subfield><subfield code="0">(DE-STW)11305-2</subfield><subfield code="2">stw</subfield></datafield><datafield ind1=" " ind2="7" tag="650"><subfield code="a">Arbeitswelt</subfield><subfield code="0">(DE-STW)11309-1</subfield><subfield code="2">stw</subfield></datafield><datafield ind1=" " ind2="7" tag="650"><subfield code="a">Arbeitsplatz</subfield><subfield code="0">(DE-588)4002759-4</subfield><subfield code="2">gnd</subfield></datafield><datafield ind1=" " ind2="7" tag="650"><subfield code="a">Arbeitswelt</subfield><subfield code="0">(DE-588)4002805-7</subfield><subfield code="2">gnd</subfield></datafield><datafield ind1=" " ind2="7" tag="650"><subfield code="a">Berufsbild</subfield><subfield code="0">(DE-588)4069340-5</subfield><subfield code="2">gnd</subfield></datafield><datafield ind1=" " ind2="7" tag="650"><subfield code="a">Industriegesellschaft</subfield><subfield code="0">(DE-588)4026828-7</subfield><subfield code="2">gnd</subfield></datafield><datafield ind1=" " ind2="7" tag="650"><subfield code="a">Lohnarbeit</subfield><subfield code="0">(DE-588)4036230-9</subfield><subfield code="2">gnd</subfield></datafield><datafield ind1=" " ind2="7" tag="651"><subfield code="a">Suisse</subfield><subfield code="0">(IDREF)027249654</subfield><subfield code="2">idref</subfield></datafield><datafield ind1=" " ind2="7" tag="651"><subfield code="a">Schweiz</subfield><subfield code="0">(DE-588)4053881-3</subfield><subfield code="2">gnd</subfield></datafield><datafield ind1=" " ind2="7" tag="655"><subfield code="a">Actes de congrès</subfield><subfield code="0">(IDREF)02886431X</subfield><subfield code="2">idref</subfield></datafield><datafield ind1=" " ind2="7" tag="655"><subfield code="a">Aufsatzsammlung</subfield><subfield code="2">gnd-content</subfield></datafield><datafield ind1=" " ind2=" " tag="690"><subfield code="a">Schweiz</subfield><subfield code="2">rzh-UA</subfield></datafield><datafield ind1=" " ind2=" " tag="690"><subfield code="a">Arbeit</subfield><subfield code="2">rzh-UA</subfield></datafield><datafield ind1=" " ind2=" " tag="690"><subfield code="a">Arbeitsbedingungen</subfield><subfield code="2">rzh-UA</subfield></datafield><datafield ind1=" " ind2=" " tag="690"><subfield code="a">120aa</subfield><subfield code="d">Arbeitsmarkt, Arbeitsplätze, Arbeitskräfte, Arbeitslosigkeit</subfield><subfield code="2">uzb-UJ</subfield></datafield><datafield ind1=" " ind2=" " tag="690"><subfield code="a">212</subfield><subfield code="d">Schweiz: Wirtschaftsgeographie, Handel</subfield><subfield code="2">uzb-UJ</subfield></datafield><datafield ind1=" " ind2=" " tag="690"><subfield code="a">Arbeitsbedingungen</subfield><subfield code="2">ubs-FC</subfield></datafield><datafield ind1=" " ind2=" " tag="690"><subfield code="a">Arbeitswelt</subfield><subfield code="2">ubs-FC</subfield></datafield><datafield ind1=" " ind2=" " tag="690"><subfield code="a">Hausarbeit; Lohnarbeit; Betrieb</subfield><subfield code="2">idssg-J</subfield></datafield><datafield ind1=" " ind2=" " tag="690"><subfield code="a">Gewerkschaftsarbeit; Nichtarbeit; Gesamtbetrieb; Geschlechterordnung; Grenzverschiebung; Hauswirtschaftsbetrieb; Sozialarchiv; Streikdiskurs; Tramfahrt; Arbeitsgesellschaft; Befreiungsperspektive; Blickwechsel; Tropenschüler; Ahrhundert; Arbeitsvorstellung; Mitbestimmungsoffensive; Pensionierungsschock; Persönlichkeitseinsatz; Provisionslogik; Schlusswort; Spätmoderne; Werkhof</subfield><subfield code="2">idssg-J</subfield></datafield><datafield ind1=" " ind2=" " tag="690"><subfield code="a">ausgewanderter Tropenschüler; betriebliche Fitness; helvetischer Streikdiskurs; lang Igsoer; moderne Arbeit; moderner Strafvollzug; schweizerische Gewerkschaft; schweizerisches Sozialarchiv; träge Trope</subfield><subfield code="2">idssg-J</subfield></datafield><datafield ind1=" " ind2=" " tag="690"><subfield code="a">Schweiz C4EXSI; Deutschland C4EUGE; Marokko C6MORO</subfield><subfield code="2">idssg-J</subfield></datafield><datafield ind1=" " ind2=" " tag="690"><subfield code="a">Andrea Fasel; Anja Suter Jakob Tanner Carola Togni Adrian Zimmermann; Brigitta BERNET; Blum Flurin Condrau Gioia; Celine Angehrn Brigitta Bernet Iris Blum Flurin Condrau Gioia; Dal Molin Andreas Fasel Urs Germann Thomas; Gioia Dal Molin; Hengartner Nikiaus Ingold Simona; Hengartner Nikiaus Ingold Simona Isler Christian Koller Martin Lengwiler; Iris Blum Träge Tropen; Jakob TANNER; Jahrhundert Carola Togni Berufsbilder; Lienhard Travail moralisateur; Marina Lienhard Eva Lüthi Nicole Peter Matthias Ruoss; Nachkriegszeit Marina Lienhard Travail moralisateur; Nicole Peter Matthias Ruoss; Peter Matthias Ruoss; schweizerisch Sozialarchivs Limmat Zürich; Thomas Hengartner</subfield><subfield code="2">idssg-J</subfield></datafield><datafield ind1="1" ind2=" " tag="700"><subfield code="a">Koller, Christian</subfield><subfield code="d">1971-</subfield><subfield code="0">(DE-588)130622222</subfield></datafield><datafield ind1="1" ind2=" " tag="700"><subfield code="6">880-03</subfield><subfield code="a">Tanner, Jakob</subfield><subfield code="d">1950-</subfield><subfield code="0">(DE-588)132165171</subfield></datafield><datafield ind1="1" ind2=" " tag="880"><subfield code="6">700-03</subfield><subfield code="a">Tanner, Jakob</subfield><subfield code="d">1950-....</subfield><subfield code="0">(IDREF)035212063</subfield></datafield><datafield ind1="1" ind2=" " tag="700"><subfield code="a">Angehrn, Céline</subfield><subfield code="d">1986-</subfield><subfield code="0">(DE-588)1081106190</subfield></datafield><datafield ind1="1" ind2=" " tag="700"><subfield code="6">880-05</subfield><subfield code="a">Bernet, Brigitta</subfield><subfield code="d">1973-</subfield><subfield code="0">(DE-588)1042689512</subfield></datafield><datafield ind1="1" ind2=" " tag="880"><subfield code="6">700-05</subfield><subfield code="a">Bernet, Brigitta</subfield><subfield code="0">(IDREF)172069041</subfield></datafield><datafield ind1="2" ind2=" " tag="710"><subfield code="a">Archives sociales suisses</subfield><subfield code="0">(IDREF)030723795</subfield></datafield><datafield ind1="2" ind2=" " tag="710"><subfield code="a">Schweizerisches Sozialarchiv</subfield><subfield code="0">(DE-588)2021747-X</subfield></datafield><datafield ind1="4" ind2=" " tag="856"><subfield code="3">Titelblatt und Inhaltsverzeichnis</subfield><subfield code="u">https://toc.library.ethz.ch/objects/pdf03/e19_978-3-85791-757-8_01.pdf</subfield><subfield code="q">pdf</subfield></datafield><datafield ind1="4" ind2=" " tag="856"><subfield code="3">Abstract / Autoreninformation</subfield><subfield code="u">https://toc.library.ethz.ch/objects/pdf03/e01_978-3-85791-757-8_02.pdf</subfield><subfield code="q">pdf</subfield></datafield><datafield ind1=" " ind2=" " tag="900"><subfield code="a">IDSE5E51ANH-2015</subfield></datafield><datafield ind1=" " ind2=" " tag="900"><subfield code="a">IDSE5E19ANH-2015</subfield></datafield><datafield ind1=" " ind2=" " tag="900"><subfield code="a">IDSZ1ZH</subfield></datafield><datafield ind1=" " ind2=" " tag="900"><subfield code="a">IDSZ2zbzmon201505l</subfield><subfield code="c">IDSZ2knec</subfield><subfield code="d">IDSZ2zbzswk201506b</subfield><subfield code="e">IDSZ2stet</subfield></datafield><datafield ind1=" " ind2=" " tag="900"><subfield code="a">IDSE5E50ANH-2016</subfield></datafield><datafield ind1=" " ind2=" " tag="900"><subfield code="a">REROnoselfmerge</subfield></datafield><datafield ind1=" " ind2=" " tag="911"><subfield code="a">700</subfield><subfield code="a">Tanner, Jakob</subfield><subfield code="d">1950-</subfield></datafield><datafield ind1=" " ind2=" " tag="949"><subfield code="a">https://toc.library.ethz.ch/objects/pdf03/e19_978-3-85791-757-8_01.pdf</subfield></datafield><datafield ind1=" " ind2=" " tag="949"><subfield code="a">https://toc.library.ethz.ch/objects/pdf03/e01_978-3-85791-757-8_02.pdf</subfield></datafield></record>
</metadata></record>