<record><header><identifier>oai:alma.41SLSP_UGE:991000015979705502</identifier><datestamp>2024-03-20T01:52:26Z</datestamp><setSpec>uge_bcen_RapidILL_BOOK</setSpec><setSpec>uge_aaca_RapidILL_BOOK</setSpec><setSpec>uge_abels_RapidILL_BOOK</setSpec><setSpec>uge_dbu_RapidILL_BOOK</setSpec><setSpec>uge_cmu_RapidILL_BOOK</setSpec><setSpec>uge_mail_RapidILL_BOOK</setSpec><setSpec>uge_abbat_RapidILL_BOOK</setSpec><setSpec>UNIGE_ALL</setSpec><setSpec>uge_acar_RapidILL_BOOK</setSpec><setSpec>uge_aobs_RapidILL_BOOK</setSpec></header><metadata>
<record xmlns="http://www.loc.gov/MARC21/slim" xmlns:xsi="http://www.w3.org/2001/XMLSchema-instance" xsi:schemaLocation="http://www.loc.gov/MARC21/slim http://www.loc.gov/standards/marcxml/schema/MARC21slim.xsd"><leader>07707nam a2200661 c 4500</leader><controlfield tag="001">991000015979705502</controlfield><controlfield tag="005">20240319153851.0</controlfield><controlfield tag="008">201011s2015    nju           00| | eng  </controlfield><datafield ind1=" " ind2=" " tag="010"><subfield code="a">2015013024</subfield></datafield><datafield ind1=" " ind2=" " tag="020"><subfield code="a">9780691150390</subfield><subfield code="q">hbk.</subfield></datafield><datafield ind1=" " ind2=" " tag="020"><subfield code="a">0691150397</subfield><subfield code="q">hbk.</subfield></datafield><datafield ind1=" " ind2=" " tag="035"><subfield code="a">(swissbib)226245187-41slsp_network</subfield></datafield><datafield ind1=" " ind2=" " tag="035"><subfield code="a">226245187</subfield><subfield code="9">ExL</subfield></datafield><datafield ind1=" " ind2=" " tag="035"><subfield code="a">(IDSSG)000883771HSB01</subfield></datafield><datafield ind1=" " ind2=" " tag="035"><subfield code="a">(NEBIS)010433527EBI01</subfield></datafield><datafield ind1=" " ind2=" " tag="035"><subfield code="a">(RERO)R008374264-41slsp</subfield></datafield><datafield ind1=" " ind2=" " tag="035"><subfield code="a">(OCoLC)907494918</subfield></datafield><datafield ind1=" " ind2=" " tag="035"><subfield code="a">(ABN)000818699ABN01</subfield></datafield><datafield ind1=" " ind2=" " tag="035"><subfield code="a">(EXLNZ-41SLSP_NETWORK)991017379939705501</subfield></datafield><datafield ind1=" " ind2=" " tag="040"><subfield code="a">DLC</subfield><subfield code="b">ger</subfield><subfield code="e">rda</subfield><subfield code="d">CH-ZuSLS</subfield></datafield><datafield ind1=" " ind2=" " tag="050"><subfield code="a">QA155</subfield><subfield code="b">.P75 2015</subfield></datafield><datafield ind1=" " ind2="7" tag="072"><subfield code="a">ma</subfield><subfield code="2">rero</subfield></datafield><datafield ind1="0" ind2="4" tag="082"><subfield code="a">510</subfield><subfield code="2">23</subfield></datafield><datafield ind1=" " ind2=" " tag="084"><subfield code="a">00.30</subfield><subfield code="2">msc</subfield></datafield><datafield ind1="0" ind2="0" tag="245"><subfield code="a">&lt;&lt;The&gt;&gt; Princeton companion to applied mathematics</subfield><subfield code="c">editor, Nicholas J. Higham ; associate editors, Mark R. Dennis ... [et al.]</subfield></datafield><datafield ind1="1" ind2=" " tag="246"><subfield code="a">Companion to applied mathematics</subfield></datafield><datafield ind1=" " ind2="1" tag="264"><subfield code="a">Princeton</subfield><subfield code="b">Princeton University Press</subfield><subfield code="c">2015</subfield></datafield><datafield ind1=" " ind2=" " tag="300"><subfield code="a">994 Seiten</subfield><subfield code="b">Illustrationen</subfield></datafield><datafield ind1=" " ind2=" " tag="336"><subfield code="b">txt</subfield><subfield code="2">rdacontent</subfield></datafield><datafield ind1=" " ind2=" " tag="337"><subfield code="b">n</subfield><subfield code="2">rdamedia</subfield></datafield><datafield ind1=" " ind2=" " tag="338"><subfield code="b">nc</subfield><subfield code="2">rdacarrier</subfield></datafield><datafield ind1=" " ind2=" " tag="504"><subfield code="a">Includes bibliographical references and index</subfield></datafield><datafield ind1="8" ind2=" " tag="520"><subfield code="a">Featuring numerous entries by leading experts and organized thematically, this textbook introduces readers to applied mathematics and its uses ; explains key concepts ; describes important equations, laws, and functions ; looks at exciting areas of research ; covers modeling and simulation ; explores areas of application ; and more. This is the most authoritative and accessible single-volume reference book on applied mathematics. Featuring numerous entries by leading experts and organized thematically, it introduces readers to applied mathematics and its uses ; explains key concepts ; describes important equations, laws, and functions ; looks at exciting areas of research ; covers modeling and simulation ; explores areas of application ; and more. Modeled on the popular Princeton Companion to Mathematics, this volume is an indispensable resource for undergraduate and graduate students, researchers, and practitioners in other disciplines seeking a user-friendly reference book on applied mathematics. Features nearly 200 entries organized thematically and written by an international team of distinguished contributors Presents the major ideas and branches of applied mathematics in a clear and accessible way Explains important mathematical concepts, methods, equations, and applications Introduces the language of applied mathematics and the goals of applied mathematical research Gives a wide range of examples of mathematical modeling Covers continuum mechanics, dynamical systems, numerical analysis, discrete and combinatorial mathematics, mathematical physics, and much more Explores the connections between applied mathematics and other disciplines Includes suggestions for further reading, cross-references, and a comprehensive index</subfield></datafield><datafield ind1=" " ind2="7" tag="650"><subfield code="a">Angewandte Mathematik</subfield><subfield code="0">(DE-588)4142443-8</subfield><subfield code="2">gnd</subfield></datafield><datafield ind1=" " ind2="0" tag="650"><subfield code="a">Algebra</subfield></datafield><datafield ind1=" " ind2="7" tag="650"><subfield code="a">ANWENDUNGEN DER MATHEMATIK IN ANDEREN WISSENSCHAFTEN</subfield><subfield code="9">ger</subfield><subfield code="0">(ETHUDK)000012465</subfield><subfield code="2">ethudk</subfield></datafield><datafield ind1=" " ind2="7" tag="650"><subfield code="a">FACHLICHE NACHSCHLAGEWERKE + FACHLEXIKA + HANDBÜCHER (DOKUMENTENTYP)</subfield><subfield code="9">ger</subfield><subfield code="0">(ETHUDK)000009236</subfield><subfield code="2">ethudk</subfield></datafield><datafield ind1=" " ind2="7" tag="650"><subfield code="a">NUMERISCHE MATHEMATIK UND COMPUTERANWENDUNGEN IN DER MATHEMATIK</subfield><subfield code="9">ger</subfield><subfield code="0">(ETHUDK)000013635</subfield><subfield code="2">ethudk</subfield></datafield><datafield ind1=" " ind2="7" tag="650"><subfield code="a">NUMERISCHE SIMULATION UND MATHEMATISCHE MODELLRECHNUNG</subfield><subfield code="9">ger</subfield><subfield code="0">(ETHUDK)000013907</subfield><subfield code="2">ethudk</subfield></datafield><datafield ind1=" " ind2="0" tag="650"><subfield code="a">Mathematics</subfield></datafield><datafield ind1=" " ind2="0" tag="650"><subfield code="a">Mathematical models</subfield></datafield><datafield ind1=" " ind2="7" tag="650"><subfield code="a">Modèles mathématiques</subfield><subfield code="0">(IDREF)027551385</subfield><subfield code="2">idref</subfield></datafield><datafield ind1=" " ind2="7" tag="650"><subfield code="a">Algèbre</subfield><subfield code="0">(IDREF)027218740</subfield><subfield code="2">idref</subfield></datafield><datafield ind1=" " ind2="7" tag="650"><subfield code="a">Mathématiques</subfield><subfield code="0">(IDREF)02723875X</subfield><subfield code="2">idref</subfield></datafield><datafield ind1=" " ind2=" " tag="690"><subfield code="a">Integralgleichung; Diffusionsgleichung; Feldgleichung; Analysis; Algebra; Graphentheorie; Geometrie; Arithmetik; Finanzmathematik; Kombinatorik; Dirac-Gleichung; Wirtschaftsforschung; angewandte Forschung; Kosmologie; Approximationstheorie; Informationstheorie; Störungstheorie; Schrödinger-Gleichung</subfield><subfield code="2">idssg-J</subfield></datafield><datafield ind1=" " ind2=" " tag="690"><subfield code="a">Einzelwertzerlegung; Eulergleichung; Eulerlagrangegleichung; Filmgleichung; Flachwassergleichung; Flughafengepäckscreening; Lorenzgleichung; Maxwellgleichung; Modellreduktion; Musterbildung; Navierstokesgleichung; Sonderfunktion; Gleitpunktarithmetik; Maxplusalgebra; Programming; Systembiologie; Bifurkationstheorie; Elementemethode; Levelsetmethode; Variationsprinzip; Zufallsmatrixtheorie; Geometrieverarbeitung; Herzmodellierung; Integraltransformation; Multiskalenmodellierung; Newtonverfahren; Orthogonalpolynom; Funktionenraum; Hybridsystem; Körperproblem; Meerei; Reiseproblem; Slippping; Testkit; Wellenphänomen</subfield><subfield code="2">idssg-J</subfield></datafield><datafield ind1=" " ind2=" " tag="690"><subfield code="a">numerische Algebra; algebraische Geometrie; allgemeines Interesse; allgemeine Kosmologie; allgemeine Relativitätstheorie; angewandte Mathematik; automatische Differenzierung; cauchyriemannsche Gleichung; divergente Reihe; dunkele Materie; einsteinsche Feldgleichung; elektronische Struktur; energieeffizientes Gebäude; finite Elementemethode; gewöhnliche Differenzialgleichung; grünes Theorem; inverses Problem; kinetische Theorie; klassische Mechanik; lineare Algebra; lineare Matrix; logistische Gleichung; mathematisch Neuroscience; mathematische Bildverarbeitung; mathematische Biomechanik; mathematische Forschung; mathematische Physiologie; mathematisches Schreiben; mathematische Wirtschaftsforschung; mitwirkend Xiii; nichtglatte Dynamik; numerische Lösung; numerische Relativitätstheorie; numerische Wettervorhersage; partielle Differenzialgleichung; populäre Kultur; reproduzierbare Forschung; schnell Multlpole; stochastische Analysis; symmetrisches Rahmen</subfield><subfield code="2">idssg-J</subfield></datafield><datafield ind1=" " ind2=" " tag="690"><subfield code="a">Großbritannien C4EUUK; Vereinigte Staaten C1USA; Minnesota C1USA; Israel C7ISRA; Indien C9INDI</subfield><subfield code="2">idssg-J</subfield></datafield><datafield ind1=" " ind2=" " tag="690"><subfield code="a">angewandt Mathematische Forschung; Applied Mathematics; Applied Mathematik Ansicht; Black; Cahn Hilliard Gleichung; Colorado School of Mines; Combinatorial Optimization; Compressed Sensing; Computational Science; Computer Aided Proofs; Earth System Dynamics; Effective Medium Theorien; Evolving Social Networks Einstellungen; Fadil Santosa University of; Fadil Santosa University of Minnesota Jared Tanner Universität; Herausgeber Nicholas Higham; High Performance Computing; Hooke; Inerters Mathematische Biomechanik; Inverted Pendulums; Kortewegde Vries Gleichung; Lehre Angewandte Mathematik; Ll Bayesian Inference; Ll Continuous Optimization; Manchester Paul Martin Colorado School of Mines; Mark Dennis University; Mechanics of Solids; Mediated Mathematik Repräsentationen; Mitherausgeber Mark Dennis University; numerisch Lineare Algebra; Oxford Princeton University; Paul Glendinning; Princeton Companion Angewandte Mathematik; Random Number Generation; Riccati; Shock Waves; Slippping Rutschen Rasseln; State Physics; Teil Bereiche Angewandte; Teil Exarrrole Probleme; Teil Gleichungen Gesetze; Teil Konzepte Funktionen; Vishnu</subfield><subfield code="2">idssg-J</subfield></datafield><datafield ind1="1" ind2=" " tag="700"><subfield code="a">Dennis, Mark R.</subfield><subfield code="e">Herausgeber</subfield><subfield code="4">edt</subfield></datafield><datafield ind1="1" ind2=" " tag="700"><subfield code="6">880-03</subfield><subfield code="a">Higham, Nicholas J.</subfield><subfield code="d">1961-2024</subfield><subfield code="0">(DE-588)123564441</subfield><subfield code="e">Herausgeber</subfield><subfield code="4">edt</subfield></datafield><datafield ind1="1" ind2=" " tag="880"><subfield code="6">700-03</subfield><subfield code="a">Higham, Nicholas J.</subfield><subfield code="d">1961-2024</subfield><subfield code="0">(IDREF)034091637</subfield></datafield><datafield ind1="4" ind2=" " tag="856"><subfield code="3">Titelblatt und Inhaltsverzeichnis</subfield><subfield code="u">https://toc.library.ethz.ch/objects/pdf03/z01_978-0-691-15039-0_01.pdf</subfield><subfield code="q">pdf</subfield></datafield><datafield ind1="4" ind2=" " tag="856"><subfield code="3">Abstract / Autoreninformation</subfield><subfield code="u">https://toc.library.ethz.ch/objects/pdf03/e01_978-0-691-15039-0_02.pdf</subfield><subfield code="q">pdf</subfield></datafield><datafield ind1=" " ind2=" " tag="900"><subfield code="a">IDSZ2zbzmon201510f</subfield><subfield code="c">IDSZ2meyc</subfield><subfield code="d">IDSZ2zbzswk201510b</subfield><subfield code="e">IDSZ2tschu</subfield></datafield><datafield ind1=" " ind2=" " tag="900"><subfield code="a">REROnoselfmerge</subfield></datafield><datafield ind1=" " ind2=" " tag="910"><subfield code="a">OCoLC</subfield><subfield code="b">20160224</subfield><subfield code="c">Droits réservés</subfield></datafield><datafield ind1=" " ind2=" " tag="949"><subfield code="a">https://toc.library.ethz.ch/objects/pdf03/z01_978-0-691-15039-0_01.pdf</subfield></datafield><datafield ind1=" " ind2=" " tag="949"><subfield code="a">https://toc.library.ethz.ch/objects/pdf03/e01_978-0-691-15039-0_02.pdf</subfield></datafield></record>
</metadata></record>