<record><header><identifier>oai:alma.41SLSP_UGE:991000045989705502</identifier><datestamp>2023-04-11T00:13:09Z</datestamp><setSpec>uge_bcen_RapidILL_BOOK</setSpec><setSpec>uge_aaca_RapidILL_BOOK</setSpec><setSpec>uge_abels_RapidILL_BOOK</setSpec><setSpec>uge_dbu_RapidILL_BOOK</setSpec><setSpec>uge_cmu_RapidILL_BOOK</setSpec><setSpec>uge_mail_RapidILL_BOOK</setSpec><setSpec>uge_abbat_RapidILL_BOOK</setSpec><setSpec>UNIGE_ALL</setSpec><setSpec>uge_acar_RapidILL_BOOK</setSpec><setSpec>uge_aobs_RapidILL_BOOK</setSpec></header><metadata>
<record xmlns="http://www.loc.gov/MARC21/slim" xmlns:xsi="http://www.w3.org/2001/XMLSchema-instance" xsi:schemaLocation="http://www.loc.gov/MARC21/slim http://www.loc.gov/standards/marcxml/schema/MARC21slim.xsd"><leader>01975nam a2200553uc 4500</leader><controlfield tag="001">991000045989705502</controlfield><controlfield tag="005">20230410143336.0</controlfield><controlfield tag="008">201012s1993    sp     |      00| ||spa|d</controlfield><datafield ind1=" " ind2=" " tag="020"><subfield code="a">8486168775</subfield><subfield code="q">Fundación G.S.R.</subfield></datafield><datafield ind1=" " ind2=" " tag="020"><subfield code="a">8436807510</subfield><subfield code="q">Pirámide</subfield></datafield><datafield ind1=" " ind2=" " tag="035"><subfield code="a">(swissbib)237841223-41slsp_network</subfield></datafield><datafield ind1=" " ind2=" " tag="035"><subfield code="a">237841223</subfield><subfield code="9">ExL</subfield></datafield><datafield ind1=" " ind2=" " tag="035"><subfield code="a">(NEBIS)001028980EBI01</subfield></datafield><datafield ind1=" " ind2=" " tag="035"><subfield code="a">(RERO)2061323-41slsp</subfield></datafield><datafield ind1=" " ind2=" " tag="035"><subfield code="a">(EXLNZ-41SLSP_NETWORK)991144243819705501</subfield></datafield><datafield ind1=" " ind2=" " tag="040"><subfield code="a">ZBZ</subfield><subfield code="b">ger</subfield><subfield code="e">ETHICS-ISBD</subfield><subfield code="d">CH-ZuSLS</subfield></datafield><datafield ind1=" " ind2="7" tag="072"><subfield code="a">bt</subfield><subfield code="2">rero</subfield></datafield><datafield ind1="0" ind2="0" tag="082"><subfield code="a">091/.0946</subfield><subfield code="2">20</subfield></datafield><datafield ind1="0" ind2="4" tag="082"><subfield code="a">002.008</subfield><subfield code="b">LIB.b.54</subfield></datafield><datafield ind1="0" ind2="4" tag="082"><subfield code="a">090</subfield></datafield><datafield ind1="0" ind2="4" tag="082"><subfield code="a">655</subfield></datafield><datafield ind1="1" ind2="4" tag="082"><subfield code="a">070.509 460902</subfield><subfield code="2">22</subfield></datafield><datafield ind1="1" ind2="4" tag="082"><subfield code="a">070.509 4609031</subfield><subfield code="2">22</subfield></datafield><datafield ind1="1" ind2="4" tag="082"><subfield code="a">091.094 6</subfield><subfield code="2">22</subfield></datafield><datafield ind1="0" ind2="0" tag="245"><subfield code="a">&lt;&lt;Los&gt;&gt; manuscritos</subfield><subfield code="c">colab.: Manuel Carrión Gútiez ... [et al.]</subfield></datafield><datafield ind1=" " ind2="1" tag="264"><subfield code="a">Madrid</subfield><subfield code="b">Fundación Germán Sánchez Ruipérez [etc.]</subfield><subfield code="c">1993</subfield></datafield><datafield ind1=" " ind2=" " tag="300"><subfield code="a">462 p.</subfield><subfield code="b">Ill.</subfield><subfield code="c">26 cm</subfield></datafield><datafield ind1=" " ind2=" " tag="336"><subfield code="b">txt</subfield><subfield code="2">rdacontent</subfield></datafield><datafield ind1=" " ind2=" " tag="337"><subfield code="b">n</subfield><subfield code="2">rdamedia</subfield></datafield><datafield ind1=" " ind2=" " tag="338"><subfield code="b">nc</subfield><subfield code="2">rdacarrier</subfield></datafield><datafield ind1="1" ind2=" " tag="490"><subfield code="a">Historia ilustrada del libro español</subfield><subfield code="v">Vol. 1</subfield></datafield><datafield ind1="1" ind2=" " tag="490"><subfield code="a">Biblioteca del libro</subfield><subfield code="v">54</subfield></datafield><datafield ind1=" " ind2="7" tag="648"><subfield code="a">Geschichte</subfield><subfield code="2">gnd</subfield></datafield><datafield ind1=" " ind2="7" tag="650"><subfield code="a">Buch</subfield><subfield code="0">(DE-588)4008570-3</subfield><subfield code="2">gnd</subfield></datafield><datafield ind1=" " ind2="7" tag="650"><subfield code="a">Buchdruck</subfield><subfield code="0">(DE-588)4008598-3</subfield><subfield code="2">gnd</subfield></datafield><datafield ind1=" " ind2="7" tag="650"><subfield code="a">Buchmalerei</subfield><subfield code="0">(DE-588)4008650-1</subfield><subfield code="2">gnd</subfield></datafield><datafield ind1=" " ind2="7" tag="650"><subfield code="a">Handschrift</subfield><subfield code="0">(DE-588)4023287-6</subfield><subfield code="2">gnd</subfield></datafield><datafield ind1=" " ind2="7" tag="650"><subfield code="a">Spanisch</subfield><subfield code="0">(DE-588)4077640-2</subfield><subfield code="2">gnd</subfield></datafield><datafield ind1=" " ind2="0" tag="650"><subfield code="a">Books</subfield><subfield code="z">Spain</subfield><subfield code="x">History</subfield><subfield code="y">400-1450</subfield></datafield><datafield ind1=" " ind2="0" tag="650"><subfield code="a">Manuscripts, Medieval</subfield><subfield code="z">Spain</subfield></datafield><datafield ind1=" " ind2="0" tag="650"><subfield code="a">Manuscripts, Spanish</subfield></datafield><datafield ind1=" " ind2="7" tag="650"><subfield code="a">Enluminure espagnole</subfield><subfield code="0">(IDREF)028242289</subfield><subfield code="2">idref</subfield></datafield><datafield ind1=" " ind2="7" tag="650"><subfield code="a">Manuscrits</subfield><subfield code="0">(IDREF)027238512</subfield><subfield code="2">idref</subfield></datafield><datafield ind1=" " ind2="7" tag="651"><subfield code="a">Spanien</subfield><subfield code="0">(DE-588)4055964-6</subfield><subfield code="2">gnd</subfield></datafield><datafield ind1=" " ind2="7" tag="651"><subfield code="a">Espagne</subfield><subfield code="0">(IDREF)027224406</subfield><subfield code="2">idref</subfield></datafield><datafield ind1="1" ind2=" " tag="700"><subfield code="a">Carrión Gútiez, Manuel</subfield><subfield code="0">(DE-588)139275797</subfield><subfield code="6">880-02</subfield></datafield><datafield ind1="1" ind2=" " tag="880"><subfield code="6">700-02</subfield><subfield code="a">Carrión Gútiez, Manuel</subfield><subfield code="0">(IDREF)034606564</subfield></datafield><datafield ind1=" " ind2=" " tag="830"><subfield code="a">Historia ilustrada del libro español</subfield><subfield code="v">1</subfield><subfield code="w">(RERO)2061306-41slsp</subfield></datafield><datafield ind1=" " ind2=" " tag="830"><subfield code="a">Biblioteca del libro</subfield><subfield code="v">54</subfield><subfield code="w">(RERO)1189578-41slsp</subfield></datafield><datafield ind1=" " ind2=" " tag="900"><subfield code="a">REROnoselfmerge</subfield></datafield><datafield ind1=" " ind2=" " tag="993"><subfield code="a">BFLB 14648/1</subfield><subfield code="x">ge/ules/a/95/252</subfield><subfield code="9">LOCAL</subfield></datafield></record>
</metadata></record>