<record><header><identifier>oai:alma.41SLSP_UGE:991000045469705502</identifier><datestamp>2023-03-29T00:17:33Z</datestamp><setSpec>uge_bcen_RapidILL_BOOK</setSpec><setSpec>uge_aaca_RapidILL_BOOK</setSpec><setSpec>uge_abels_RapidILL_BOOK</setSpec><setSpec>uge_dbu_RapidILL_BOOK</setSpec><setSpec>uge_cmu_RapidILL_BOOK</setSpec><setSpec>uge_mail_RapidILL_BOOK</setSpec><setSpec>uge_abbat_RapidILL_BOOK</setSpec><setSpec>UNIGE_ALL</setSpec><setSpec>uge_aobs_RapidILL_BOOK</setSpec><setSpec>uge_acar_RapidILL_BOOK</setSpec></header><metadata>
<record xmlns="http://www.loc.gov/MARC21/slim" xmlns:xsi="http://www.w3.org/2001/XMLSchema-instance" xsi:schemaLocation="http://www.loc.gov/MARC21/slim http://www.loc.gov/standards/marcxml/schema/MARC21slim.xsd"><leader>01393nam a2200373 c 4500</leader><controlfield tag="001">991000045469705502</controlfield><controlfield tag="005">20230328194653.0</controlfield><controlfield tag="008">850904s1985    fr ||||| |||| 00| ||fre d</controlfield><datafield ind1=" " ind2=" " tag="020"><subfield code="a">2130388523</subfield></datafield><datafield ind1=" " ind2=" " tag="035"><subfield code="a">(swissbib)080273343-41slsp_network</subfield></datafield><datafield ind1=" " ind2=" " tag="035"><subfield code="a">080273343</subfield><subfield code="9">ExL</subfield></datafield><datafield ind1=" " ind2=" " tag="035"><subfield code="a">(RERO)0639515-41slsp</subfield></datafield><datafield ind1=" " ind2=" " tag="035"><subfield code="a">(EXLNZ-41SLSP_NETWORK)991148407499705501</subfield></datafield><datafield ind1=" " ind2=" " tag="040"><subfield code="a">RERO frbcuc</subfield><subfield code="d">CH-ZuSLS</subfield></datafield><datafield ind1="1" ind2=" " tag="041"><subfield code="a">fre</subfield><subfield code="h">ger</subfield></datafield><datafield ind1=" " ind2="7" tag="072"><subfield code="a">ph</subfield><subfield code="2">rero</subfield></datafield><datafield ind1="0" ind2="0" tag="245"><subfield code="a">Manifeste du Cercle de Vienne</subfield><subfield code="b">et autres écrits</subfield><subfield code="c">Carnap ... [et al.] ; textes trad. de l'allemand par Barbara Cassin ... [et al.] ; publ. sous la dir. de Antonia Soulez</subfield></datafield><datafield ind1=" " ind2="1" tag="264"><subfield code="a">Paris</subfield><subfield code="b">Presses univ. de France</subfield><subfield code="c">1985</subfield></datafield><datafield ind1=" " ind2=" " tag="300"><subfield code="a">364 p.</subfield><subfield code="c">22 cm</subfield></datafield><datafield ind1=" " ind2=" " tag="336"><subfield code="b">txt</subfield><subfield code="2">rdacontent</subfield></datafield><datafield ind1=" " ind2=" " tag="337"><subfield code="b">n</subfield><subfield code="2">rdamedia</subfield></datafield><datafield ind1=" " ind2=" " tag="338"><subfield code="b">nc</subfield><subfield code="2">rdacarrier</subfield></datafield><datafield ind1="1" ind2=" " tag="490"><subfield code="a">Philosophie d'aujourd'hui</subfield></datafield><datafield ind1=" " ind2="7" tag="650"><subfield code="a">empirisme logique</subfield><subfield code="0">(RERO)A010020387</subfield><subfield code="2">rerovoc</subfield></datafield><datafield ind1=" " ind2="7" tag="650"><subfield code="a">Épistémologie</subfield><subfield code="0">(IDREF)027257606</subfield><subfield code="2">idref</subfield></datafield><datafield ind1=" " ind2="7" tag="650"><subfield code="a">Positivisme logique</subfield><subfield code="0">(IDREF)027243443</subfield><subfield code="2">idref</subfield></datafield><datafield ind1=" " ind2="7" tag="650"><subfield code="a">1929</subfield><subfield code="2">rero</subfield></datafield><datafield ind1=" " ind2="7" tag="655"><subfield code="a">[document]</subfield><subfield code="2">rerovoc</subfield><subfield code="0">(RERO)A010182398</subfield></datafield><datafield ind1="1" ind2=" " tag="700"><subfield code="a">Soulez, Antonia</subfield><subfield code="d">1943-....</subfield><subfield code="0">(IDREF)028584228</subfield></datafield><datafield ind1="1" ind2=" " tag="700"><subfield code="a">Cassin, Barbara</subfield><subfield code="0">(RERO)A003082299</subfield></datafield><datafield ind1="1" ind2=" " tag="700"><subfield code="a">Carnap, Rudolf</subfield><subfield code="d">1891-1970</subfield><subfield code="0">(IDREF)030294193</subfield></datafield><datafield ind1="2" ind2=" " tag="710"><subfield code="a">Wiener Kreis</subfield><subfield code="0">(RERO)A000176504</subfield></datafield><datafield ind1="0" ind2=" " tag="730"><subfield code="a">Wissenschaftliche Weltauffassung</subfield><subfield code="l">Français</subfield></datafield><datafield ind1=" " ind2="0" tag="830"><subfield code="a">Philosophie d'aujourd'hui</subfield></datafield><datafield ind1=" " ind2=" " tag="900"><subfield code="a">REROnoselfmerge</subfield></datafield></record>
</metadata></record>