<record><header><identifier>oai:alma.41SLSP_UGE:991000045669705502</identifier><datestamp>2024-03-15T01:22:09Z</datestamp><setSpec>uge_bcen_RapidILL_BOOK</setSpec><setSpec>uge_aaca_RapidILL_BOOK</setSpec><setSpec>uge_abels_RapidILL_BOOK</setSpec><setSpec>uge_dbu_RapidILL_BOOK</setSpec><setSpec>uge_cmu_RapidILL_BOOK</setSpec><setSpec>uge_mail_RapidILL_BOOK</setSpec><setSpec>uge_abbat_RapidILL_BOOK</setSpec><setSpec>UNIGE_ALL</setSpec><setSpec>uge_acar_RapidILL_BOOK</setSpec><setSpec>uge_aobs_RapidILL_BOOK</setSpec></header><metadata>
<record xmlns="http://www.loc.gov/MARC21/slim" xmlns:xsi="http://www.w3.org/2001/XMLSchema-instance" xsi:schemaLocation="http://www.loc.gov/MARC21/slim http://www.loc.gov/standards/marcxml/schema/MARC21slim.xsd"><leader>01506nam a2200361 c 4500</leader><controlfield tag="001">991000045669705502</controlfield><controlfield tag="005">20240314212737.0</controlfield><controlfield tag="008">970901s1791    fr ||||| |||| 00| ||fre d</controlfield><datafield ind1=" " ind2=" " tag="035"><subfield code="a">(swissbib)092446205-41slsp_network</subfield></datafield><datafield ind1=" " ind2=" " tag="035"><subfield code="a">092446205</subfield><subfield code="9">ExL</subfield></datafield><datafield ind1=" " ind2=" " tag="035"><subfield code="a">(RERO)R218259060-41slsp</subfield></datafield><datafield ind1=" " ind2=" " tag="035"><subfield code="a">(EXLNZ-41SLSP_NETWORK)991098157409705501</subfield></datafield><datafield ind1=" " ind2=" " tag="040"><subfield code="a">RERO gecaeg</subfield><subfield code="d">CH-ZuSLS</subfield></datafield><datafield ind1=" " ind2="7" tag="072"><subfield code="a">ht</subfield><subfield code="2">rero</subfield></datafield><datafield ind1=" " ind2="7" tag="072"><subfield code="a">sp</subfield><subfield code="2">rero</subfield></datafield><datafield ind1="1" ind2=" " tag="100"><subfield code="a">Desonnaz, J.</subfield><subfield code="d">17..-....</subfield><subfield code="0">(IDREF)251210014</subfield><subfield code="4">cre</subfield></datafield><datafield ind1="1" ind2="0" tag="245"><subfield code="a">Plaidoyer de J. Desonnaz, citoyen de Genève, accusé d'être le coopérateur de M. l'avocat Grenus pour un journal, intitulé: &quot;Les sifflets de St. Claude&quot;</subfield><subfield code="b">prononcé par lui-même à l'audience du Conseil de Genève, le 29 juillet 1791 : précédé d'un exposé justificatif</subfield></datafield><datafield ind1=" " ind2="1" tag="264"><subfield code="a">[Lieu de publication non identifié]</subfield><subfield code="b">[éditeur non identifié]</subfield><subfield code="c">1791</subfield></datafield><datafield ind1=" " ind2="3" tag="264"><subfield code="a">[A St. Claude</subfield><subfield code="b">de l'Impr. d'Antoine Dumoulin]</subfield></datafield><datafield ind1=" " ind2=" " tag="300"><subfield code="a">71 p.</subfield><subfield code="c">18 cm</subfield></datafield><datafield ind1=" " ind2=" " tag="336"><subfield code="b">txt</subfield><subfield code="2">rdacontent</subfield></datafield><datafield ind1=" " ind2=" " tag="337"><subfield code="b">n</subfield><subfield code="2">rdamedia</subfield></datafield><datafield ind1=" " ind2=" " tag="338"><subfield code="b">nc</subfield><subfield code="2">rdacarrier</subfield></datafield><datafield ind1=" " ind2=" " tag="500"><subfield code="a">Paginé: 1-64, 71</subfield></datafield><datafield ind1=" " ind2=" " tag="500"><subfield code="a">Analyse de Rivoire: L'exposé contient des anecdotes très romanesques, des poésies, etc.</subfield></datafield><datafield ind1="3" ind2=" " tag="510"><subfield code="a">Droin 339</subfield></datafield><datafield ind1="3" ind2=" " tag="510"><subfield code="a">Rivoire 3303</subfield></datafield><datafield ind1=" " ind2="7" tag="650"><subfield code="a">1789-1791</subfield><subfield code="2">rero</subfield></datafield><datafield ind1=" " ind2="7" tag="651"><subfield code="a">Genève (Suisse ; canton)</subfield><subfield code="0">(IDREF)030575257</subfield><subfield code="2">idref</subfield></datafield><datafield ind1=" " ind2="7" tag="655"><subfield code="a">[document]</subfield><subfield code="2">rerovoc</subfield><subfield code="0">(RERO)A010182398</subfield></datafield><datafield ind1=" " ind2=" " tag="690"><subfield code="a">Desonnaz, Jean</subfield><subfield code="2">factum</subfield></datafield><datafield ind1="1" ind2=" " tag="700"><subfield code="a">Dumoulin, Antoine</subfield><subfield code="0">(RERO)A009205573</subfield><subfield code="4">prt</subfield></datafield><datafield ind1=" " ind2=" " tag="751"><subfield code="a">Saint-Claude</subfield><subfield code="4">pup</subfield><subfield code="0">(RERO)A009627742</subfield></datafield><datafield ind1=" " ind2=" " tag="900"><subfield code="a">REROswissbibnomerge</subfield></datafield></record>
</metadata></record>