<record><header><identifier>oai:alma.41SLSP_UGE:991000045789705502</identifier><datestamp>2023-04-08T00:15:48Z</datestamp><setSpec>uge_bcen_RapidILL_BOOK</setSpec><setSpec>uge_aaca_RapidILL_BOOK</setSpec><setSpec>uge_abels_RapidILL_BOOK</setSpec><setSpec>uge_dbu_RapidILL_BOOK</setSpec><setSpec>uge_cmu_RapidILL_BOOK</setSpec><setSpec>uge_mail_RapidILL_BOOK</setSpec><setSpec>uge_abbat_RapidILL_BOOK</setSpec><setSpec>UNIGE_ALL</setSpec><setSpec>uge_acar_RapidILL_BOOK</setSpec><setSpec>uge_aobs_RapidILL_BOOK</setSpec></header><metadata>
<record xmlns="http://www.loc.gov/MARC21/slim" xmlns:xsi="http://www.w3.org/2001/XMLSchema-instance" xsi:schemaLocation="http://www.loc.gov/MARC21/slim http://www.loc.gov/standards/marcxml/schema/MARC21slim.xsd"><leader>01966nam a2200469 c 4500</leader><controlfield tag="001">991000045789705502</controlfield><controlfield tag="005">20230407192044.0</controlfield><controlfield tag="008">120620s2008    sz ||||| |||| 00| ||eng d</controlfield><datafield ind1=" " ind2=" " tag="020"><subfield code="z">9789290371315</subfield></datafield><datafield ind1=" " ind2=" " tag="020"><subfield code="z">9789290371323</subfield></datafield><datafield ind1=" " ind2=" " tag="020"><subfield code="z">9789290371331</subfield></datafield><datafield ind1=" " ind2=" " tag="035"><subfield code="a">(swissbib)116085576-41slsp_network</subfield></datafield><datafield ind1=" " ind2=" " tag="035"><subfield code="a">116085576</subfield><subfield code="9">ExL</subfield></datafield><datafield ind1=" " ind2=" " tag="035"><subfield code="a">(RERO)R007089341-41slsp</subfield></datafield><datafield ind1=" " ind2=" " tag="035"><subfield code="a">(EXLNZ-41SLSP_NETWORK)991078880449705501</subfield></datafield><datafield ind1=" " ind2=" " tag="040"><subfield code="a">RERO geubfd</subfield><subfield code="d">CH-ZuSLS</subfield></datafield><datafield ind1=" " ind2=" " tag="044"><subfield code="a">sz</subfield><subfield code="c">ch-ge</subfield></datafield><datafield ind1=" " ind2="7" tag="072"><subfield code="a">dr</subfield><subfield code="2">rero</subfield></datafield><datafield ind1=" " ind2=" " tag="084"><subfield code="a">D 18 g</subfield><subfield code="2">cjurrom</subfield></datafield><datafield ind1=" " ind2=" " tag="084"><subfield code="a">D 19 g</subfield><subfield code="2">cjurrom</subfield></datafield><datafield ind1=" " ind2=" " tag="084"><subfield code="a">A 75 g</subfield><subfield code="2">cjurrom</subfield></datafield><datafield ind1=" " ind2=" " tag="084"><subfield code="a">A 79 g</subfield><subfield code="2">cjurrom</subfield></datafield><datafield ind1="0" ind2="0" tag="245"><subfield code="a">Corporate complicity &amp; legal accountability</subfield><subfield code="b">report of the International Commission of Jurists, Expert Legal Panel on Corporate Complicity in International Crimes</subfield></datafield><datafield ind1="1" ind2=" " tag="246"><subfield code="a">Corporate complicity and legal accountability</subfield></datafield><datafield ind1=" " ind2="1" tag="264"><subfield code="a">Geneva</subfield><subfield code="b">International Commission of Jurists</subfield><subfield code="c">2008</subfield></datafield><datafield ind1=" " ind2=" " tag="300"><subfield code="a">3 vol.</subfield></datafield><datafield ind1=" " ind2=" " tag="336"><subfield code="b">txt</subfield><subfield code="2">rdacontent</subfield></datafield><datafield ind1=" " ind2=" " tag="337"><subfield code="b">n</subfield><subfield code="2">rdamedia</subfield></datafield><datafield ind1=" " ind2=" " tag="338"><subfield code="b">nc</subfield><subfield code="2">rdacarrier</subfield></datafield><datafield ind1=" " ind2=" " tag="500"><subfield code="a">L'éd. française porte le titre: Complicité des entreprises et responsabilité juridique</subfield></datafield><datafield ind1="0" ind2=" " tag="505"><subfield code="a">Vol. 1: Facing the facts and charting a legal path</subfield></datafield><datafield ind1="0" ind2=" " tag="505"><subfield code="a">Vol. 2: Criminal law and international crimes</subfield></datafield><datafield ind1="0" ind2=" " tag="505"><subfield code="a">Vol. 3: Civil remedies</subfield></datafield><datafield ind1=" " ind2="7" tag="650"><subfield code="a">Procédure civile</subfield><subfield code="0">(IDREF)028941314</subfield><subfield code="2">idref</subfield></datafield><datafield ind1=" " ind2="7" tag="650"><subfield code="a">Responsabilité (droit)</subfield><subfield code="0">(IDREF)027480259</subfield><subfield code="2">idref</subfield></datafield><datafield ind1=" " ind2="7" tag="650"><subfield code="a">Droit comparé</subfield><subfield code="0">(IDREF)027741451</subfield><subfield code="2">idref</subfield></datafield><datafield ind1=" " ind2="7" tag="650"><subfield code="a">Procédure pénale</subfield><subfield code="0">(IDREF)050575392</subfield><subfield code="2">idref</subfield></datafield><datafield ind1=" " ind2="7" tag="650"><subfield code="a">Droit pénal international</subfield><subfield code="0">(IDREF)031019706</subfield><subfield code="2">idref</subfield></datafield><datafield ind1=" " ind2="7" tag="650"><subfield code="a">Entreprises</subfield><subfield code="0">(IDREF)027467473</subfield><subfield code="2">idref</subfield></datafield><datafield ind1=" " ind2="7" tag="650"><subfield code="a">Complicité (droit pénal)</subfield><subfield code="0">(IDREF)028700643</subfield><subfield code="2">idref</subfield></datafield><datafield ind1=" " ind2="7" tag="650"><subfield code="a">Violation des droits de l'homme</subfield><subfield code="0">(IDREF)094154333</subfield><subfield code="2">idref</subfield></datafield><datafield ind1="2" ind2=" " tag="710"><subfield code="a">Commission internationale de juristes</subfield><subfield code="b">Comité d'experts juridiques sur la complicité des entreprises dans les crimes internationaux</subfield><subfield code="0">(RERO)A021620785</subfield></datafield><datafield ind1=" " ind2=" " tag="900"><subfield code="a">REROnoselfmerge</subfield></datafield></record>
</metadata></record>