<record><header><identifier>oai:alma.41SLSP_UGE:991000045579705502</identifier><datestamp>2024-06-16T00:09:01Z</datestamp><setSpec>uge_bcen_RapidILL_BOOK</setSpec><setSpec>uge_aaca_RapidILL_BOOK</setSpec><setSpec>uge_abels_RapidILL_BOOK</setSpec><setSpec>uge_dbu_RapidILL_BOOK</setSpec><setSpec>uge_cmu_RapidILL_BOOK</setSpec><setSpec>uge_mail_RapidILL_BOOK</setSpec><setSpec>UNIGE_ALL</setSpec><setSpec>uge_abbat_RapidILL_BOOK</setSpec><setSpec>uge_acar_RapidILL_BOOK</setSpec><setSpec>uge_aobs_RapidILL_BOOK</setSpec></header><metadata>
<record xmlns="http://www.loc.gov/MARC21/slim" xmlns:xsi="http://www.w3.org/2001/XMLSchema-instance" xsi:schemaLocation="http://www.loc.gov/MARC21/slim http://www.loc.gov/standards/marcxml/schema/MARC21slim.xsd"><leader>01389nam a22003372c 4500</leader><controlfield tag="001">991000045579705502</controlfield><controlfield tag="005">20240314004959.0</controlfield><controlfield tag="007">h| ||||||||||</controlfield><controlfield tag="008">191021s1552    xxk|||||b|||| 00| ||lat d</controlfield><datafield ind1=" " ind2=" " tag="035"><subfield code="a">(swissbib)126035970-41slsp_network</subfield></datafield><datafield ind1=" " ind2=" " tag="035"><subfield code="a">126035970</subfield><subfield code="9">ExL</subfield></datafield><datafield ind1=" " ind2=" " tag="035"><subfield code="a">(RERO)R008977604-41slsp</subfield></datafield><datafield ind1=" " ind2=" " tag="035"><subfield code="a">(EXLNZ-41SLSP_NETWORK)991129289639705501</subfield></datafield><datafield ind1=" " ind2=" " tag="040"><subfield code="a">RERO geuchr</subfield><subfield code="d">CH-ZuSLS</subfield></datafield><datafield ind1="1" ind2=" " tag="041"><subfield code="a">lat</subfield><subfield code="h">fre</subfield></datafield><datafield ind1=" " ind2="7" tag="072"><subfield code="a">th</subfield><subfield code="2">rero</subfield></datafield><datafield ind1="0" ind2="0" tag="245"><subfield code="a">Formula sacramentorum administrandorum, in usum Ecclesiae Genevensis conscripta</subfield><subfield code="c">dudum à Joanne Calvino Gallicè conscripta, nunc in Latinum conversa ab alio quopiam</subfield></datafield><datafield ind1=" " ind2="1" tag="264"><subfield code="a">Genevae</subfield><subfield code="b">ex officina Joannis Crispini</subfield><subfield code="c">1552</subfield></datafield><datafield ind1=" " ind2=" " tag="300"><subfield code="a">31, [1] p.</subfield><subfield code="c">8°</subfield></datafield><datafield ind1=" " ind2=" " tag="336"><subfield code="b">txt</subfield><subfield code="2">rdacontent</subfield></datafield><datafield ind1=" " ind2=" " tag="337"><subfield code="b">h</subfield><subfield code="2">rdamedia</subfield></datafield><datafield ind1=" " ind2=" " tag="338"><subfield code="b">hj</subfield><subfield code="2">rdacarrier</subfield></datafield><datafield ind1=" " ind2=" " tag="500"><subfield code="a">Trad. latine de: La forme des prières ecclesiatiques</subfield></datafield><datafield ind1=" " ind2=" " tag="500"><subfield code="a">Cote de l'exemplaire microfilmé: Réserve D 7042</subfield></datafield><datafield ind1="3" ind2=" " tag="510"><subfield code="a">Erichson p. 13 ; Index Aureliensis 129.867 ; Adams C346 ; Gilmont (Crespin) 52/12 ; manque à Shaw</subfield></datafield><datafield ind1="3" ind2=" " tag="510"><subfield code="a">GLN-236</subfield></datafield><datafield ind1=" " ind2=" " tag="533"><subfield code="a">Microfilm</subfield><subfield code="b">Paris</subfield><subfield code="c">Bibliothèque Sainte Geneviève</subfield><subfield code="d">[19--?]</subfield><subfield code="e">1 microfilm ; 35 mm</subfield></datafield><datafield ind1="1" ind2=" " tag="700"><subfield code="a">Crespin, Jean</subfield><subfield code="d">1520?-1572</subfield><subfield code="0">(IDREF)03098744X</subfield><subfield code="4">prt</subfield></datafield><datafield ind1="1" ind2=" " tag="700"><subfield code="a">Calvin, Jean</subfield><subfield code="d">1509-1564</subfield><subfield code="0">(IDREF)026763362</subfield><subfield code="4">ctb</subfield></datafield><datafield ind1="2" ind2=" " tag="710"><subfield code="a">Eglise de Genève</subfield><subfield code="4">aut</subfield><subfield code="0">(RERO)A000056500</subfield></datafield><datafield ind1=" " ind2=" " tag="751"><subfield code="a">Genève (Genève, Suisse)</subfield><subfield code="4">pup</subfield><subfield code="0">(IDREF)02726453X</subfield></datafield><datafield ind1=" " ind2=" " tag="900"><subfield code="a">REROswissbibnomerge</subfield></datafield><datafield ind1=" " ind2=" " tag="993"><subfield code="a">MHR Micro 188/49</subfield><subfield code="x">ge/mhr-/9489</subfield><subfield code="9">LOCAL</subfield></datafield></record>
</metadata></record>