<record><header><identifier>oai:alma.41SLSP_UGE:991000045179705502</identifier><datestamp>2023-03-01T01:09:17Z</datestamp><setSpec>uge_bcen_RapidILL_BOOK</setSpec><setSpec>uge_aaca_RapidILL_BOOK</setSpec><setSpec>uge_abels_RapidILL_BOOK</setSpec><setSpec>uge_dbu_RapidILL_BOOK</setSpec><setSpec>uge_cmu_RapidILL_BOOK</setSpec><setSpec>uge_mail_RapidILL_BOOK</setSpec><setSpec>UNIGE_ALL</setSpec><setSpec>uge_abbat_RapidILL_BOOK</setSpec><setSpec>uge_acar_RapidILL_BOOK</setSpec><setSpec>uge_aobs_RapidILL_BOOK</setSpec></header><metadata>
<record xmlns="http://www.loc.gov/MARC21/slim" xmlns:xsi="http://www.w3.org/2001/XMLSchema-instance" xsi:schemaLocation="http://www.loc.gov/MARC21/slim http://www.loc.gov/standards/marcxml/schema/MARC21slim.xsd"><leader>02663nam a2200337 c 4500</leader><controlfield tag="001">991000045179705502</controlfield><controlfield tag="005">20221103174151.0</controlfield><controlfield tag="008">201011s2008    fr ||||| |||| 00| ||fre d</controlfield><datafield ind1=" " ind2=" " tag="020"><subfield code="a">9782278062997</subfield></datafield><datafield ind1="7" ind2=" " tag="024"><subfield code="a">http://catalogue.bnf.fr/ark:/12148/cb41258925r</subfield><subfield code="2">uri</subfield></datafield><datafield ind1=" " ind2=" " tag="035"><subfield code="a">(swissbib)223613150-41slsp_network</subfield></datafield><datafield ind1=" " ind2=" " tag="035"><subfield code="a">223613150</subfield><subfield code="9">ExL</subfield></datafield><datafield ind1=" " ind2=" " tag="035"><subfield code="a">(RERO)R004700595-41slsp</subfield></datafield><datafield ind1=" " ind2=" " tag="035"><subfield code="a">(NEBIS)009387691EBI01</subfield></datafield><datafield ind1=" " ind2=" " tag="035"><subfield code="a">(EXLNZ-41SLSP_NETWORK)991051420519705501</subfield></datafield><datafield ind1=" " ind2=" " tag="040"><subfield code="a">RERO frbcuc</subfield><subfield code="d">CH-ZuSLS</subfield></datafield><datafield ind1=" " ind2="7" tag="072"><subfield code="a">fr</subfield><subfield code="2">rero</subfield></datafield><datafield ind1="0" ind2="0" tag="245"><subfield code="a">Niveau A2 pour le français (utilisateur/apprenant élémentaire) niveau intermédiaire</subfield><subfield code="b">[un référentiel]</subfield><subfield code="c">par Jean-Claude Beacco ... [et al.]</subfield></datafield><datafield ind1=" " ind2="1" tag="264"><subfield code="a">[Paris]</subfield><subfield code="b">Didier</subfield><subfield code="c">2008</subfield></datafield><datafield ind1=" " ind2=" " tag="300"><subfield code="a">235 p.</subfield><subfield code="e">1 disque compact</subfield></datafield><datafield ind1=" " ind2=" " tag="336"><subfield code="b">txt</subfield><subfield code="2">rdacontent</subfield></datafield><datafield ind1=" " ind2=" " tag="337"><subfield code="b">n</subfield><subfield code="2">rdamedia</subfield></datafield><datafield ind1=" " ind2=" " tag="338"><subfield code="b">nc</subfield><subfield code="2">rdacarrier</subfield></datafield><datafield ind1="0" ind2=" " tag="490"><subfield code="a">Référentiels pour les langues nationales et régionales</subfield></datafield><datafield ind1=" " ind2=" " tag="500"><subfield code="a">En tête de la page de titre: Division des politiques linguistiques, Strasbourg. Description des niveaux de référence du &quot;Cadre européen commun de référence pour les langues&quot; par langue (nationale ou régionale)</subfield></datafield><datafield ind1="8" ind2=" " tag="520"><subfield code="a">Ce Niveau A2 pour le français décrit les compétences linguistiques attendues d'un apprenant de français langue étrangère ou seconde au &quot; niveau intermédiaire &quot; qui, pour l'utilisateur élémentaire, fait suite au niveau Al (&quot; introductif ou de découverte &quot;). Cet outil s'inscrit dans la continuité du Cadre européen commun de référence pour les langues, mis en oeuvre par le Conseil de l'Europe (Division des politiques linguistiques) depuis 1990, qui spécifie la nature des compétences en langue par niveaux ou profils. Il identifie les formes du français correspondant aux descripteurs de compétences du Cadre européen commun qui ont été établis sans référence à une langue particulière. Cet ouvrage-ressource intéresse une diversité d'utilisateurs. les concepteurs de programmes de langues. les auteurs de méthodes et de matériaux d'enseignement de langues. les responsables d'évaluation et les concepteurs et utilisateurs d'outils d'évaluation et de certification. les enseignants et formateurs amenés à élaborer leur matériel d'enseignement et de formation. les étudiants engagés dans des programmes de formation à l'enseignement du français comme langue non maternelle. (4e de couv.)</subfield><subfield code="5">RERO/njhep-/04.13/3818</subfield></datafield><datafield ind1=" " ind2="7" tag="650"><subfield code="a">Französischunterricht</subfield><subfield code="0">(DE-588)4018198-4</subfield><subfield code="2">gnd</subfield></datafield><datafield ind1=" " ind2="7" tag="655"><subfield code="a">Lehrerhandbuch</subfield><subfield code="2">gnd-content</subfield></datafield><datafield ind1=" " ind2="7" tag="655"><subfield code="a">CD</subfield><subfield code="2">gnd-carrier</subfield></datafield><datafield ind1="1" ind2=" " tag="700"><subfield code="6">880-02</subfield><subfield code="a">Beacco, Jean-Claude</subfield><subfield code="0">(DE-588)102690675X</subfield></datafield><datafield ind1="1" ind2=" " tag="880"><subfield code="6">700-02</subfield><subfield code="a">Beacco, Jean-Claude</subfield><subfield code="0">(RERO)A002980584</subfield></datafield><datafield ind1=" " ind2=" " tag="900"><subfield code="a">REROnoselfmerge</subfield></datafield></record>
</metadata></record>