<record><header><identifier>oai:alma.41SLSP_UGE:991000045699705502</identifier><datestamp>2023-03-01T01:09:17Z</datestamp><setSpec>uge_bcen_RapidILL_BOOK</setSpec><setSpec>uge_aaca_RapidILL_BOOK</setSpec><setSpec>uge_abels_RapidILL_BOOK</setSpec><setSpec>uge_dbu_RapidILL_BOOK</setSpec><setSpec>uge_cmu_RapidILL_BOOK</setSpec><setSpec>uge_mail_RapidILL_BOOK</setSpec><setSpec>UNIGE_ALL</setSpec><setSpec>uge_abbat_RapidILL_BOOK</setSpec><setSpec>uge_aobs_RapidILL_BOOK</setSpec><setSpec>uge_acar_RapidILL_BOOK</setSpec></header><metadata>
<record xmlns="http://www.loc.gov/MARC21/slim" xmlns:xsi="http://www.w3.org/2001/XMLSchema-instance" xsi:schemaLocation="http://www.loc.gov/MARC21/slim http://www.loc.gov/standards/marcxml/schema/MARC21slim.xsd"><leader>01009nam a22002537c 4500</leader><controlfield tag="001">991000045699705502</controlfield><controlfield tag="005">20201126033858.0</controlfield><controlfield tag="008">050104s2003    sz ||||| |||| 00| ||fre d</controlfield><datafield ind1=" " ind2=" " tag="035"><subfield code="a">(swissbib)101411146-41slsp_network</subfield></datafield><datafield ind1=" " ind2=" " tag="035"><subfield code="a">101411146</subfield><subfield code="9">ExL</subfield></datafield><datafield ind1=" " ind2=" " tag="035"><subfield code="a">(RERO)R003765200-41slsp</subfield></datafield><datafield ind1=" " ind2=" " tag="035"><subfield code="a">(EXLNZ-41SLSP_NETWORK)991135705429705501</subfield></datafield><datafield ind1=" " ind2=" " tag="040"><subfield code="a">RERO geucmu</subfield><subfield code="d">CH-ZuSLS</subfield></datafield><datafield ind1=" " ind2=" " tag="044"><subfield code="a">sz</subfield><subfield code="c">ch-ge</subfield></datafield><datafield ind1=" " ind2="7" tag="072"><subfield code="a">me</subfield><subfield code="2">rero</subfield></datafield><datafield ind1="1" ind2=" " tag="100"><subfield code="a">Dupuy, Thierry</subfield><subfield code="0">(RERO)A011236835</subfield><subfield code="4">cre</subfield></datafield><datafield ind1="1" ind2="0" tag="245"><subfield code="a">Internet et la sexologie clinique</subfield><subfield code="b">enseignée dans le cadre du certificat de base en sexologie clinique 2001-2003 à l'Université de Genève</subfield><subfield code="c">Thierry Dupuy</subfield></datafield><datafield ind1=" " ind2="1" tag="264"><subfield code="a">Genève</subfield><subfield code="b">Université de Genève Faculté de médecine</subfield><subfield code="c">2003</subfield></datafield><datafield ind1=" " ind2=" " tag="300"><subfield code="a">46 p.</subfield><subfield code="b">ill.</subfield><subfield code="c">30 cm</subfield></datafield><datafield ind1=" " ind2=" " tag="336"><subfield code="b">txt</subfield><subfield code="2">rdacontent</subfield></datafield><datafield ind1=" " ind2=" " tag="337"><subfield code="b">n</subfield><subfield code="2">rdamedia</subfield></datafield><datafield ind1=" " ind2=" " tag="338"><subfield code="b">nc</subfield><subfield code="2">rdacarrier</subfield></datafield><datafield ind1=" " ind2=" " tag="500"><subfield code="a">Mémoire pour l'obtention du Certificat de formation continue en sexologie clinique effectué à la Faculté de médecine de l'Université de Genève, 2003</subfield></datafield><datafield ind1=" " ind2="2" tag="650"><subfield code="a">Sexuality</subfield></datafield><datafield ind1=" " ind2=" " tag="900"><subfield code="a">REROnoselfmerge</subfield></datafield></record>
</metadata></record>