<record><header><identifier>oai:alma.41SLSP_UGE:991000045599705502</identifier><datestamp>2023-03-01T01:09:17Z</datestamp><setSpec>uge_bcen_RapidILL_BOOK</setSpec><setSpec>uge_aaca_RapidILL_BOOK</setSpec><setSpec>uge_abels_RapidILL_BOOK</setSpec><setSpec>uge_dbu_RapidILL_BOOK</setSpec><setSpec>uge_cmu_RapidILL_BOOK</setSpec><setSpec>uge_mail_RapidILL_BOOK</setSpec><setSpec>UNIGE_ALL</setSpec><setSpec>uge_abbat_RapidILL_BOOK</setSpec><setSpec>uge_aobs_RapidILL_BOOK</setSpec><setSpec>uge_acar_RapidILL_BOOK</setSpec></header><metadata>
<record xmlns="http://www.loc.gov/MARC21/slim" xmlns:xsi="http://www.w3.org/2001/XMLSchema-instance" xsi:schemaLocation="http://www.loc.gov/MARC21/slim http://www.loc.gov/standards/marcxml/schema/MARC21slim.xsd"><leader>01287nam a2200349 c 4500</leader><controlfield tag="001">991000045599705502</controlfield><controlfield tag="005">20201231190513.0</controlfield><controlfield tag="008">201012t19891989fr ||||| |||| 00| ||fre d</controlfield><datafield ind1=" " ind2=" " tag="020"><subfield code="a">2715904622</subfield></datafield><datafield ind1=" " ind2=" " tag="035"><subfield code="a">(swissbib)24127723X-41slsp_network</subfield></datafield><datafield ind1=" " ind2=" " tag="035"><subfield code="a">24127723X</subfield><subfield code="9">ExL</subfield></datafield><datafield ind1=" " ind2=" " tag="035"><subfield code="a">(RERO)1283130-41slsp</subfield></datafield><datafield ind1=" " ind2=" " tag="035"><subfield code="a">(NEBIS)000513171EBI01</subfield></datafield><datafield ind1=" " ind2=" " tag="035"><subfield code="a">(IDSBB)000591297DSV01</subfield></datafield><datafield ind1=" " ind2=" " tag="035"><subfield code="a">(EXLNZ-41SLSP_NETWORK)991147162559705501</subfield></datafield><datafield ind1=" " ind2=" " tag="040"><subfield code="a">RERO neus--</subfield><subfield code="d">CH-ZuSLS</subfield></datafield><datafield ind1=" " ind2="7" tag="072"><subfield code="a">st</subfield><subfield code="2">rero</subfield></datafield><datafield ind1=" " ind2="7" tag="072"><subfield code="a">ge</subfield><subfield code="2">SzZuIDS BS/BE</subfield></datafield><datafield ind1="1" ind2=" " tag="100"><subfield code="6">880-01</subfield><subfield code="a">Larouzière, François-Dominique de</subfield><subfield code="d">1956-....</subfield><subfield code="0">(IDREF)029715237</subfield><subfield code="4">cre</subfield></datafield><datafield ind1="1" ind2=" " tag="880"><subfield code="a">Larouzière, François Dominique &lt;&lt;de&gt;&gt;</subfield><subfield code="d">1956-</subfield><subfield code="0">(DE-588)173322611</subfield><subfield code="6">100-01</subfield></datafield><datafield ind1="1" ind2="0" tag="245"><subfield code="a">Dictionnaire des roches d'origine magmatique</subfield><subfield code="c">François Dominique de Larouzière</subfield></datafield><datafield ind1=" " ind2="1" tag="264"><subfield code="a">Orléans</subfield><subfield code="b">Ed. du BRGM</subfield><subfield code="c">1989</subfield></datafield><datafield ind1=" " ind2="4" tag="264"><subfield code="c">©1989</subfield></datafield><datafield ind1=" " ind2=" " tag="300"><subfield code="a">188 p.</subfield><subfield code="b">ill.</subfield><subfield code="c">24 cm</subfield></datafield><datafield ind1=" " ind2=" " tag="336"><subfield code="b">txt</subfield><subfield code="2">rdacontent</subfield></datafield><datafield ind1=" " ind2=" " tag="337"><subfield code="b">n</subfield><subfield code="2">rdamedia</subfield></datafield><datafield ind1=" " ind2=" " tag="338"><subfield code="b">nc</subfield><subfield code="2">rdacarrier</subfield></datafield><datafield ind1="1" ind2=" " tag="490"><subfield code="a">Manuels et methodes</subfield><subfield code="v">no 20</subfield></datafield><datafield ind1=" " ind2="7" tag="650"><subfield code="a">ALLGEMEINE PETROGRAPHIE + KLASSIFIKATION DER GESTEINE</subfield><subfield code="9">ger</subfield><subfield code="0">(ETHUDK)000038320</subfield><subfield code="2">ethudk</subfield></datafield><datafield ind1=" " ind2="7" tag="650"><subfield code="a">Magmagestein</subfield><subfield code="x">Nomenklatur</subfield><subfield code="2">idsbb</subfield></datafield><datafield ind1=" " ind2="7" tag="650"><subfield code="a">Magmagestein</subfield><subfield code="v">Wörterbuch</subfield><subfield code="2">idsbb</subfield></datafield><datafield ind1=" " ind2=" " tag="830"><subfield code="a">Manuels et méthodes</subfield><subfield code="v">20</subfield><subfield code="w">(NEBIS)000013405EBI01</subfield></datafield><datafield ind1=" " ind2=" " tag="900"><subfield code="a">REROnoselfmerge</subfield></datafield></record>
</metadata></record>