<record><header><identifier>oai:alma.41SLSP_UGE:991000045489705502</identifier><datestamp>2023-06-26T00:15:31Z</datestamp><setSpec>UNIGE_ALL</setSpec></header><metadata>
<record xmlns="http://www.loc.gov/MARC21/slim" xmlns:xsi="http://www.w3.org/2001/XMLSchema-instance" xsi:schemaLocation="http://www.loc.gov/MARC21/slim http://www.loc.gov/standards/marcxml/schema/MARC21slim.xsd"><leader>01809ngm a2200421 c 4500</leader><controlfield tag="001">991000045489705502</controlfield><controlfield tag="005">20230625173327.0</controlfield><controlfield tag="007">vd |v||||</controlfield><controlfield tag="008">160511s2015    fr ||| |          v|eng d</controlfield><datafield ind1="4" ind2="2" tag="028"><subfield code="a">322716</subfield></datafield><datafield ind1=" " ind2=" " tag="035"><subfield code="a">(swissbib)122884531-41slsp_network</subfield></datafield><datafield ind1=" " ind2=" " tag="035"><subfield code="a">122884531</subfield><subfield code="9">ExL</subfield></datafield><datafield ind1=" " ind2=" " tag="035"><subfield code="a">(RERO)R008424579-41slsp</subfield></datafield><datafield ind1=" " ind2=" " tag="035"><subfield code="a">(EXLNZ-41SLSP_NETWORK)991160284819705501</subfield></datafield><datafield ind1=" " ind2=" " tag="040"><subfield code="a">RERO geumem</subfield><subfield code="d">CH-ZuSLS</subfield></datafield><datafield ind1="1" ind2=" " tag="041"><subfield code="a">eng</subfield><subfield code="a">fre</subfield><subfield code="a">swe</subfield><subfield code="h">swe</subfield></datafield><datafield ind1=" " ind2="7" tag="072"><subfield code="a">ba</subfield><subfield code="2">rero</subfield></datafield><datafield ind1="0" ind2="0" tag="245"><subfield code="a">My skinny sister</subfield><subfield code="c">un film de Sanna Lenken ; musique Per Störby Jutbring ; prod. Annika Rogell</subfield></datafield><datafield ind1="1" ind2=" " tag="246"><subfield code="a">Min lilla syster</subfield></datafield><datafield ind1=" " ind2="1" tag="264"><subfield code="a">[Montreuil]</subfield><subfield code="b">Urban Distribution</subfield><subfield code="c">2015</subfield></datafield><datafield ind1=" " ind2=" " tag="300"><subfield code="a">1 DVD vidéo</subfield></datafield><datafield ind1=" " ind2=" " tag="336"><subfield code="b">tdi</subfield><subfield code="2">rdacontent</subfield></datafield><datafield ind1=" " ind2=" " tag="337"><subfield code="b">v</subfield><subfield code="2">rdamedia</subfield></datafield><datafield ind1=" " ind2=" " tag="338"><subfield code="b">vd</subfield><subfield code="2">rdacarrier</subfield></datafield><datafield ind1=" " ind2=" " tag="385"><subfield code="a">Dès 10 ans</subfield><subfield code="2">rero</subfield></datafield><datafield ind1=" " ind2=" " tag="500"><subfield code="a">Langues: Suédois, anglais. Sous-titres: Français</subfield></datafield><datafield ind1=" " ind2=" " tag="500"><subfield code="a">Une prod.: Tangy / Fortune Cookie Film ..., cop. 2015</subfield></datafield><datafield ind1=" " ind2=" " tag="500"><subfield code="a">Durée du film: ca. 111 min.</subfield></datafield><datafield ind1=" " ind2=" " tag="500"><subfield code="a">Choix de langues: Suédois et anglais. Sous-titres: Français</subfield></datafield><datafield ind1=" " ind2=" " tag="500"><subfield code="a">Titre original: Min lilla syster</subfield></datafield><datafield ind1="0" ind2=" " tag="505"><subfield code="a">Le court métrage &quot;Eating lunch&quot; de Sanna Lenken</subfield></datafield><datafield ind1="0" ind2=" " tag="511"><subfield code="a">Amy Deasismont ; Rebecka Josephson ; Annika Hallin ; Henrik Norlén ... et al.</subfield></datafield><datafield ind1="8" ind2=" " tag="520"><subfield code="a">Comédie dramatique</subfield><subfield code="5">RERO/vsbcvs/06.2016</subfield></datafield><datafield ind1="8" ind2=" " tag="520"><subfield code="a">Stella, 12 ans, rondelette et pas très sportive, voudrait ressembler à sa grande soeur Katja que tout le monde admire. Mais celle-ci cache un secret que Stella va découvrir et qui va bouleverser leur complicité.</subfield><subfield code="5">RERO/vsbcvs/06.2016</subfield></datafield><datafield ind1=" " ind2="7" tag="655"><subfield code="a">DVD</subfield><subfield code="0">(IDREF)035108444</subfield><subfield code="2">idref</subfield></datafield><datafield ind1=" " ind2="7" tag="655"><subfield code="a">Films de fiction</subfield><subfield code="0">(IDREF)14779644X</subfield><subfield code="2">idref</subfield></datafield><datafield ind1="1" ind2=" " tag="700"><subfield code="a">Lenken, Sanna</subfield><subfield code="d">1978-</subfield><subfield code="0">(RERO)A026482583</subfield></datafield><datafield ind1="1" ind2=" " tag="700"><subfield code="a">Störby Jutbring, Per</subfield><subfield code="d">1971-....</subfield><subfield code="0">(IDREF)194989275</subfield></datafield><datafield ind1="1" ind2=" " tag="700"><subfield code="a">Rogell, Annika</subfield><subfield code="0">(RERO)A026457452</subfield></datafield></record>
</metadata></record>