<record><header><identifier>oai:alma.41SLSP_UGE:991000045279705502</identifier><datestamp>2023-03-01T01:09:17Z</datestamp><setSpec>uge_bcen_RapidILL_BOOK</setSpec><setSpec>uge_aaca_RapidILL_BOOK</setSpec><setSpec>uge_abels_RapidILL_BOOK</setSpec><setSpec>uge_dbu_RapidILL_BOOK</setSpec><setSpec>uge_cmu_RapidILL_BOOK</setSpec><setSpec>uge_mail_RapidILL_BOOK</setSpec><setSpec>UNIGE_ALL</setSpec><setSpec>uge_abbat_RapidILL_BOOK</setSpec><setSpec>uge_aobs_RapidILL_BOOK</setSpec><setSpec>uge_acar_RapidILL_BOOK</setSpec></header><metadata>
<record xmlns="http://www.loc.gov/MARC21/slim" xmlns:xsi="http://www.w3.org/2001/XMLSchema-instance" xsi:schemaLocation="http://www.loc.gov/MARC21/slim http://www.loc.gov/standards/marcxml/schema/MARC21slim.xsd"><leader>01143nam a22003372c 4500</leader><controlfield tag="001">991000045279705502</controlfield><controlfield tag="005">20201230232015.0</controlfield><controlfield tag="008">201011s1963    xxu||||| |||| 00| ||eng d</controlfield><datafield ind1="7" ind2=" " tag="024"><subfield code="a">http://catalogue.bnf.fr/ark:/12148/cb355350342</subfield><subfield code="2">uri</subfield></datafield><datafield ind1=" " ind2=" " tag="035"><subfield code="a">(swissbib)222007923-41slsp_network</subfield></datafield><datafield ind1=" " ind2=" " tag="035"><subfield code="a">222007923</subfield><subfield code="9">ExL</subfield></datafield><datafield ind1=" " ind2=" " tag="035"><subfield code="a">(RERO)R008616500-41slsp</subfield></datafield><datafield ind1=" " ind2=" " tag="035"><subfield code="a">(NEBIS)008065263EBI01</subfield></datafield><datafield ind1=" " ind2=" " tag="035"><subfield code="a">(EXLNZ-41SLSP_NETWORK)991098687669705501</subfield></datafield><datafield ind1=" " ind2=" " tag="040"><subfield code="a">DLC</subfield><subfield code="d">CH-ZuSLS</subfield></datafield><datafield ind1=" " ind2="0" tag="050"><subfield code="a">BJ37</subfield><subfield code="b">.E26</subfield></datafield><datafield ind1=" " ind2="7" tag="072"><subfield code="a">ph</subfield><subfield code="2">rero</subfield></datafield><datafield ind1="1" ind2=" " tag="100"><subfield code="a">Edel, Abraham</subfield><subfield code="d">1908-....</subfield><subfield code="0">(IDREF)028409930</subfield><subfield code="4">cre</subfield></datafield><datafield ind1="1" ind2="0" tag="245"><subfield code="a">Method in ethical theory</subfield><subfield code="c">Abraham Edel</subfield></datafield><datafield ind1=" " ind2=" " tag="250"><subfield code="a">[1st ed.]</subfield></datafield><datafield ind1=" " ind2="1" tag="264"><subfield code="a">Indianapolis</subfield><subfield code="b">Bobbs-Merrill</subfield><subfield code="c">[c1963]</subfield></datafield><datafield ind1=" " ind2=" " tag="300"><subfield code="a">vi, 369 p.</subfield><subfield code="c">22 cm</subfield></datafield><datafield ind1=" " ind2=" " tag="336"><subfield code="b">txt</subfield><subfield code="2">rdacontent</subfield></datafield><datafield ind1=" " ind2=" " tag="337"><subfield code="b">n</subfield><subfield code="2">rdamedia</subfield></datafield><datafield ind1=" " ind2=" " tag="338"><subfield code="b">nc</subfield><subfield code="2">rdacarrier</subfield></datafield><datafield ind1="0" ind2=" " tag="490"><subfield code="a">Essay and monograph series of the Liberal Arts Press</subfield></datafield><datafield ind1=" " ind2=" " tag="504"><subfield code="a">Bibliographical footnotes</subfield></datafield><datafield ind1=" " ind2="0" tag="650"><subfield code="a">Ethics</subfield><subfield code="x">Methodology</subfield></datafield><datafield ind1=" " ind2=" " tag="690"><subfield code="a">18.57</subfield><subfield code="d">Ethik (20.Jh.)</subfield><subfield code="2">uzb-VA</subfield></datafield><datafield ind1=" " ind2=" " tag="690"><subfield code="a">18.25</subfield><subfield code="d">Englische Gegenwartsphilosophie, Amerikanische Gegenwartsphilosophie</subfield><subfield code="2">uzb-VA</subfield></datafield><datafield ind1=" " ind2=" " tag="900"><subfield code="a">REROnoselfmerge</subfield></datafield><datafield ind1=" " ind2=" " tag="910"><subfield code="a">LOC</subfield><subfield code="b">20170317</subfield><subfield code="c">Droits réservés</subfield></datafield></record>
</metadata></record>