<record><header><identifier>oai:alma.41SLSP_UGE:991000046129705502</identifier><datestamp>2023-03-01T01:09:17Z</datestamp><setSpec>uge_bcen_RapidILL_BOOK</setSpec><setSpec>uge_aaca_RapidILL_BOOK</setSpec><setSpec>uge_abels_RapidILL_BOOK</setSpec><setSpec>uge_dbu_RapidILL_BOOK</setSpec><setSpec>uge_cmu_RapidILL_BOOK</setSpec><setSpec>uge_mail_RapidILL_BOOK</setSpec><setSpec>uge_abbat_RapidILL_BOOK</setSpec><setSpec>UNIGE_ALL</setSpec><setSpec>uge_aobs_RapidILL_BOOK</setSpec><setSpec>uge_acar_RapidILL_BOOK</setSpec></header><metadata>
<record xmlns="http://www.loc.gov/MARC21/slim" xmlns:xsi="http://www.w3.org/2001/XMLSchema-instance" xsi:schemaLocation="http://www.loc.gov/MARC21/slim http://www.loc.gov/standards/marcxml/schema/MARC21slim.xsd"><leader>01881nam a2200361 c 4500</leader><controlfield tag="001">991000046129705502</controlfield><controlfield tag="005">20230228194332.0</controlfield><controlfield tag="008">000718s1970    be ||||| |||| 10| ||fre d</controlfield><datafield ind1="7" ind2=" " tag="024"><subfield code="a">http://catalogue.bnf.fr/ark:/12148/cb353775274</subfield><subfield code="2">uri</subfield></datafield><datafield ind1=" " ind2=" " tag="035"><subfield code="a">(swissbib)083540024-41slsp_network</subfield></datafield><datafield ind1=" " ind2=" " tag="035"><subfield code="a">083540024</subfield><subfield code="9">ExL</subfield></datafield><datafield ind1=" " ind2=" " tag="035"><subfield code="a">(RERO)1081893-41slsp</subfield></datafield><datafield ind1=" " ind2=" " tag="035"><subfield code="a">(EXLNZ-41SLSP_NETWORK)991045542689705501</subfield></datafield><datafield ind1=" " ind2=" " tag="040"><subfield code="a">RERO neubfd</subfield><subfield code="d">CH-ZuSLS</subfield></datafield><datafield ind1=" " ind2="7" tag="072"><subfield code="a">dr</subfield><subfield code="2">rero</subfield></datafield><datafield ind1=" " ind2=" " tag="084"><subfield code="a">A 18.2 e</subfield><subfield code="2">cjurrom</subfield></datafield><datafield ind1="0" ind2="0" tag="245"><subfield code="a">Sociologie du droit et de la justice</subfield><subfield code="b">actes du colloque international (Bruxelles, 9/12 avril 1969)</subfield><subfield code="c">publ. sous la dir. de Séverin-Carlos Versele par Pierre Legros, Janine Estenne ; préf. de Renato Treves ; International Sociological Association, Research Committee on Sociology of Law, Institut de sociologie de l'Université libre de Bruxelles, Centre de sociologie du droit et de la justice</subfield></datafield><datafield ind1=" " ind2="1" tag="264"><subfield code="a">Bruxelles</subfield><subfield code="b">Ed. de l'Institut de sociologie de l'Université libre de Bruxelles</subfield><subfield code="c">[1970]</subfield></datafield><datafield ind1=" " ind2="4" tag="264"><subfield code="c">© 1970</subfield></datafield><datafield ind1=" " ind2=" " tag="300"><subfield code="a">194 p.</subfield><subfield code="c">24 cm</subfield></datafield><datafield ind1=" " ind2=" " tag="336"><subfield code="b">txt</subfield><subfield code="2">rdacontent</subfield></datafield><datafield ind1=" " ind2=" " tag="337"><subfield code="b">n</subfield><subfield code="2">rdamedia</subfield></datafield><datafield ind1=" " ind2=" " tag="338"><subfield code="b">nc</subfield><subfield code="2">rdacarrier</subfield></datafield><datafield ind1="1" ind2=" " tag="490"><subfield code="a">Collection de sociologie du droit et de la justice</subfield></datafield><datafield ind1=" " ind2="7" tag="650"><subfield code="a">Sociologie juridique</subfield><subfield code="0">(IDREF)027263290</subfield><subfield code="2">idref</subfield></datafield><datafield ind1=" " ind2="7" tag="655"><subfield code="a">Actes de congrès</subfield><subfield code="0">(IDREF)02886431X</subfield><subfield code="2">idref</subfield></datafield><datafield ind1="1" ind2=" " tag="700"><subfield code="a">Legros, Pierre</subfield><subfield code="d">19..-....</subfield><subfield code="0">(IDREF)069216886</subfield></datafield><datafield ind1="1" ind2=" " tag="700"><subfield code="a">Versele, Severin Carlos</subfield><subfield code="0">(IDREF)06976512X</subfield></datafield><datafield ind1="1" ind2=" " tag="700"><subfield code="a">Estenne, Janine</subfield><subfield code="0">(IDREF)191209104</subfield></datafield><datafield ind1="2" ind2=" " tag="710"><subfield code="a">Association internationale de sociologie</subfield><subfield code="b">Research Committee on Sociology of Law</subfield><subfield code="0">(RERO)A002946318</subfield></datafield><datafield ind1="2" ind2=" " tag="710"><subfield code="a">Centre de sociologie du droit et de la justice</subfield><subfield code="g">Bruxelles</subfield><subfield code="0">(IDREF)034629734</subfield></datafield><datafield ind1="2" ind2=" " tag="711"><subfield code="a">Colloque international de sociologie du droit et de la justice</subfield><subfield code="d">1969</subfield><subfield code="c">Bruxelles</subfield><subfield code="0">(RERO)A012514957</subfield></datafield><datafield ind1=" " ind2="0" tag="830"><subfield code="a">Collection de sociologie du droit et de la justice</subfield><subfield code="w">(RERO)1080754-41slsp</subfield></datafield><datafield ind1=" " ind2=" " tag="900"><subfield code="a">REROnoselfmerge</subfield></datafield></record>
</metadata></record>