<record><header><identifier>oai:alma.41SLSP_UGE:991000045919705502</identifier><datestamp>2024-01-14T09:18:48Z</datestamp><setSpec>uge_bcen_RapidILL_BOOK</setSpec><setSpec>uge_aaca_RapidILL_BOOK</setSpec><setSpec>uge_abels_RapidILL_BOOK</setSpec><setSpec>uge_dbu_RapidILL_BOOK</setSpec><setSpec>uge_cmu_RapidILL_BOOK</setSpec><setSpec>uge_mail_RapidILL_BOOK</setSpec><setSpec>uge_abbat_RapidILL_BOOK</setSpec><setSpec>UNIGE_ALL</setSpec><setSpec>uge_aobs_RapidILL_BOOK</setSpec><setSpec>uge_acar_RapidILL_BOOK</setSpec></header><metadata>
<record xmlns="http://www.loc.gov/MARC21/slim" xmlns:xsi="http://www.w3.org/2001/XMLSchema-instance" xsi:schemaLocation="http://www.loc.gov/MARC21/slim http://www.loc.gov/standards/marcxml/schema/MARC21slim.xsd"><leader>02409nam a2200625 c 4500</leader><controlfield tag="001">991000045919705502</controlfield><controlfield tag="005">20230619203321.0</controlfield><controlfield tag="008">201011s2010    enk      |||| 000 0 eng| </controlfield><datafield ind1=" " ind2=" " tag="015"><subfield code="a">GBB067000</subfield><subfield code="2">bnb</subfield></datafield><datafield ind1=" " ind2=" " tag="020"><subfield code="a">0330472054</subfield><subfield code="q">hbk.</subfield></datafield><datafield ind1=" " ind2=" " tag="020"><subfield code="a">9780330526586</subfield><subfield code="q">tpb.</subfield></datafield><datafield ind1=" " ind2=" " tag="020"><subfield code="a">9780330472050</subfield><subfield code="q">hardcover</subfield></datafield><datafield ind1=" " ind2=" " tag="035"><subfield code="a">(swissbib)221427066-41slsp_network</subfield></datafield><datafield ind1=" " ind2=" " tag="035"><subfield code="a">221427066</subfield><subfield code="9">ExL</subfield></datafield><datafield ind1=" " ind2=" " tag="035"><subfield code="a">(NEBIS)006172096EBI01</subfield></datafield><datafield ind1=" " ind2=" " tag="035"><subfield code="a">(RERO)R008500684-41slsp</subfield></datafield><datafield ind1=" " ind2=" " tag="035"><subfield code="a">(OCoLC)636908767</subfield></datafield><datafield ind1=" " ind2=" " tag="035"><subfield code="a">(EXLNZ-41SLSP_NETWORK)991096978299705501</subfield></datafield><datafield ind1=" " ind2=" " tag="040"><subfield code="a">UKM</subfield><subfield code="d">CH-ZuSLS</subfield></datafield><datafield ind1=" " ind2=" " tag="050"><subfield code="a">BL</subfield></datafield><datafield ind1=" " ind2="0" tag="050"><subfield code="a">BL65.M2</subfield><subfield code="b">N35 2010</subfield></datafield><datafield ind1=" " ind2="7" tag="072"><subfield code="a">an</subfield><subfield code="2">rero</subfield></datafield><datafield ind1=" " ind2="7" tag="072"><subfield code="a">th</subfield><subfield code="2">rero</subfield></datafield><datafield ind1="0" ind2="4" tag="082"><subfield code="a">200.96</subfield><subfield code="2">22</subfield></datafield><datafield ind1="1" ind2="4" tag="082"><subfield code="a">200.96</subfield></datafield><datafield ind1="1" ind2=" " tag="100"><subfield code="a">Naipaul, V. S.</subfield><subfield code="d">1932-2018</subfield><subfield code="0">(DE-588)118737929</subfield></datafield><datafield ind1="1" ind2="0" tag="245"><subfield code="a">&lt;&lt;The&gt;&gt; masque of Africa</subfield><subfield code="b">glimpses of African belief</subfield><subfield code="c">V.S. Naipaul</subfield></datafield><datafield ind1=" " ind2="1" tag="264"><subfield code="a">London</subfield><subfield code="b">Picador</subfield><subfield code="c">2010</subfield></datafield><datafield ind1=" " ind2=" " tag="300"><subfield code="a">324 p.</subfield><subfield code="c">25 cm</subfield></datafield><datafield ind1=" " ind2=" " tag="336"><subfield code="b">txt</subfield><subfield code="2">rdacontent</subfield></datafield><datafield ind1=" " ind2=" " tag="337"><subfield code="b">n</subfield><subfield code="2">rdamedia</subfield></datafield><datafield ind1=" " ind2=" " tag="338"><subfield code="b">nc</subfield><subfield code="2">rdacarrier</subfield></datafield><datafield ind1="0" ind2=" " tag="505"><subfield code="a">The tomb at Kasubi -- Sacred places -- Men possessed -- The forest king -- Children of the old forest -- Private mounuments, private wastelands</subfield></datafield><datafield ind1="1" ind2="0" tag="600"><subfield code="a">Naipaul, V. S</subfield><subfield code="q">Vidiadhar Surajprasad</subfield><subfield code="d">1932-</subfield><subfield code="x">Travel</subfield><subfield code="z">Africa</subfield></datafield><datafield ind1="1" ind2="0" tag="600"><subfield code="a">Naipaul, V. S.</subfield><subfield code="q">(Vidiadhar Surajprasad)</subfield><subfield code="d">1932-</subfield><subfield code="x">Travel</subfield><subfield code="z">Africa</subfield></datafield><datafield ind1=" " ind2="7" tag="650"><subfield code="a">Religion</subfield><subfield code="2">idszbz</subfield></datafield><datafield ind1=" " ind2="7" tag="650"><subfield code="a">Magie</subfield><subfield code="2">idszbz</subfield></datafield><datafield ind1=" " ind2="0" tag="650"><subfield code="a">Magic</subfield><subfield code="x">Religious aspects</subfield></datafield><datafield ind1=" " ind2="7" tag="650"><subfield code="a">Magie</subfield><subfield code="0">(DE-588)4036966-3</subfield><subfield code="2">gnd</subfield></datafield><datafield ind1=" " ind2="7" tag="650"><subfield code="a">Religion</subfield><subfield code="0">(DE-588)4049396-9</subfield><subfield code="2">gnd</subfield></datafield><datafield ind1=" " ind2="0" tag="650"><subfield code="a">Magic</subfield></datafield><datafield ind1=" " ind2="7" tag="650"><subfield code="a">Religions africaines</subfield><subfield code="0">(IDREF)028517148</subfield><subfield code="2">idref</subfield></datafield><datafield ind1=" " ind2="7" tag="650"><subfield code="a">Magie</subfield><subfield code="0">(IDREF)027238210</subfield><subfield code="2">idref</subfield></datafield><datafield ind1=" " ind2="7" tag="650"><subfield code="a">Animisme</subfield><subfield code="0">(IDREF)027510417</subfield><subfield code="2">idref</subfield></datafield><datafield ind1=" " ind2="7" tag="651"><subfield code="a">Afrika</subfield><subfield code="2">idszbz</subfield></datafield><datafield ind1=" " ind2="0" tag="651"><subfield code="a">Africa</subfield><subfield code="x">Religion</subfield></datafield><datafield ind1=" " ind2="0" tag="651"><subfield code="a">Africa</subfield><subfield code="x">Description and travel</subfield></datafield><datafield ind1=" " ind2="7" tag="651"><subfield code="a">Subsaharisches Afrika</subfield><subfield code="0">(DE-588)4053770-5</subfield><subfield code="2">gnd</subfield></datafield><datafield ind1=" " ind2="7" tag="651"><subfield code="a">Afrique subsaharienne</subfield><subfield code="0">(IDREF)027218570</subfield><subfield code="2">idref</subfield></datafield><datafield ind1=" " ind2="7" tag="655"><subfield code="a">Reisebericht</subfield><subfield code="2">idszbz</subfield></datafield><datafield ind1=" " ind2="7" tag="655"><subfield code="a">Récits de voyages</subfield><subfield code="0">(IDREF)27242285</subfield><subfield code="2">idref</subfield></datafield><datafield ind1="1" ind2=" " tag="700"><subfield code="a">Naipaul, V. S.</subfield><subfield code="d">1932-2018</subfield><subfield code="0">(IDREF)02704419X</subfield><subfield code="4">aut</subfield></datafield><datafield ind1="4" ind2=" " tag="856"><subfield code="3">Titelblatt und Inhaltsverzeichnis</subfield><subfield code="u">https://toc.library.ethz.ch/objects/pdf/z01_978-0-330-47205-0_01.pdf</subfield><subfield code="q">pdf</subfield></datafield><datafield ind1=" " ind2=" " tag="900"><subfield code="a">IDSZ2zbzmon201011f</subfield><subfield code="c">IDSZ2meyc</subfield><subfield code="d">IDSZ2zbzswk201012b</subfield><subfield code="e">IDSZ2stor</subfield></datafield><datafield ind1=" " ind2=" " tag="911"><subfield code="a">100</subfield><subfield code="a">Naipaul, V. S</subfield><subfield code="q">Vidiadhar Surajprasad</subfield><subfield code="d">1932-</subfield></datafield><datafield ind1=" " ind2=" " tag="949"><subfield code="a">https://toc.library.ethz.ch/objects/pdf/z01_978-0-330-47205-0_01.pdf</subfield></datafield></record>
</metadata></record>