<record><header><identifier>oai:alma.41SLSP_UGE:991000046019705502</identifier><datestamp>2024-04-11T00:14:09Z</datestamp><setSpec>uge_bcen_RapidILL_BOOK</setSpec><setSpec>uge_aaca_RapidILL_BOOK</setSpec><setSpec>uge_abels_RapidILL_BOOK</setSpec><setSpec>uge_dbu_RapidILL_BOOK</setSpec><setSpec>uge_cmu_RapidILL_BOOK</setSpec><setSpec>uge_mail_RapidILL_BOOK</setSpec><setSpec>uge_abbat_RapidILL_BOOK</setSpec><setSpec>UNIGE_ALL</setSpec><setSpec>uge_aobs_RapidILL_BOOK</setSpec><setSpec>uge_acar_RapidILL_BOOK</setSpec></header><metadata>
<record xmlns="http://www.loc.gov/MARC21/slim" xmlns:xsi="http://www.w3.org/2001/XMLSchema-instance" xsi:schemaLocation="http://www.loc.gov/MARC21/slim http://www.loc.gov/standards/marcxml/schema/MARC21slim.xsd"><leader>09744nam a2201009 c 4500</leader><controlfield tag="001">991000046019705502</controlfield><controlfield tag="005">20240410142441.0</controlfield><controlfield tag="008">201011s1993    sz            00| | ger  </controlfield><datafield ind1=" " ind2=" " tag="020"><subfield code="a">3725531641</subfield><subfield code="c">Fr. 148.-</subfield></datafield><datafield ind1=" " ind2=" " tag="035"><subfield code="a">(swissbib)215571142-41slsp_network</subfield></datafield><datafield ind1=" " ind2=" " tag="035"><subfield code="a">215571142</subfield><subfield code="9">ExL</subfield></datafield><datafield ind1=" " ind2=" " tag="035"><subfield code="a">(IDSSG)000063436HSB01</subfield></datafield><datafield ind1=" " ind2=" " tag="035"><subfield code="a">(RERO)1769155-41slsp</subfield></datafield><datafield ind1=" " ind2=" " tag="035"><subfield code="a">(IDSLU)000074416ILU01</subfield></datafield><datafield ind1=" " ind2=" " tag="035"><subfield code="a">(IDSBB)000950279DSV01</subfield></datafield><datafield ind1=" " ind2=" " tag="035"><subfield code="a">(NEBIS)000947617EBI01</subfield></datafield><datafield ind1=" " ind2=" " tag="035"><subfield code="a">(ABN)000051982ABN01</subfield></datafield><datafield ind1=" " ind2=" " tag="035"><subfield code="a">(ALEX)bv01059794</subfield></datafield><datafield ind1=" " ind2=" " tag="035"><subfield code="a">(EXLNZ-41SLSP_NETWORK)991086458759705501</subfield></datafield><datafield ind1=" " ind2=" " tag="040"><subfield code="a">SzZuIDS HSG</subfield><subfield code="b">ger</subfield><subfield code="e">rda</subfield><subfield code="d">CH-ZuSLS ETH</subfield></datafield><datafield ind1=" " ind2=" " tag="044"><subfield code="a">sz</subfield></datafield><datafield ind1=" " ind2="7" tag="072"><subfield code="a">dr</subfield><subfield code="2">rero</subfield></datafield><datafield ind1=" " ind2="7" tag="072"><subfield code="a">810</subfield><subfield code="2">IDS LU</subfield></datafield><datafield ind1=" " ind2="7" tag="072"><subfield code="a">rw</subfield><subfield code="2">SzZuIDS BS/BE</subfield></datafield><datafield ind1="0" ind2="0" tag="082"><subfield code="a">341.4/81</subfield><subfield code="2">20</subfield></datafield><datafield ind1="1" ind2="4" tag="082"><subfield code="a">340</subfield><subfield code="2">15</subfield></datafield><datafield ind1=" " ind2=" " tag="084"><subfield code="a">D 18.2 g</subfield><subfield code="2">cjurrom</subfield></datafield><datafield ind1=" " ind2=" " tag="084"><subfield code="a">D 18.2 g CH</subfield><subfield code="2">cjurrom</subfield></datafield><datafield ind1=" " ind2=" " tag="084"><subfield code="a">PS 4080</subfield><subfield code="2">rvk</subfield></datafield><datafield ind1=" " ind2=" " tag="084"><subfield code="a">PS 4100</subfield><subfield code="2">rvk</subfield></datafield><datafield ind1=" " ind2=" " tag="084"><subfield code="a">16</subfield><subfield code="2">sdnb</subfield></datafield><datafield ind1=" " ind2=" " tag="084"><subfield code="a">19</subfield><subfield code="2">sdnb</subfield></datafield><datafield ind1=" " ind2=" " tag="084"><subfield code="a">340</subfield><subfield code="2">sdnb</subfield></datafield><datafield ind1=" " ind2=" " tag="084"><subfield code="a">360</subfield><subfield code="2">sdnb</subfield></datafield><datafield ind1="1" ind2=" " tag="100"><subfield code="a">Villiger, Mark E.</subfield><subfield code="d">1950-2023</subfield><subfield code="0">(DE-588)113688822</subfield><subfield code="4">aut</subfield></datafield><datafield ind1="1" ind2="0" tag="245"><subfield code="a">Handbuch der Europäischen Menschenrechtskonvention (EMRK)</subfield><subfield code="b">unter besonderer Berücksichtigung der schweizerischen Rechtslage</subfield><subfield code="c">von Mark E. Villiger ; mit einem Vorwort von Dietrich Schindler</subfield></datafield><datafield ind1="1" ind2="8" tag="246"><subfield code="a">Handbuch EMRK</subfield></datafield><datafield ind1=" " ind2="1" tag="264"><subfield code="a">Zürich</subfield><subfield code="b">Schulthess Polygraphischer Verlag</subfield><subfield code="c">1993</subfield></datafield><datafield ind1=" " ind2=" " tag="300"><subfield code="a">XLI, 469 Seiten</subfield><subfield code="c">25 cm</subfield></datafield><datafield ind1=" " ind2=" " tag="336"><subfield code="b">txt</subfield><subfield code="2">rdacontent</subfield></datafield><datafield ind1=" " ind2=" " tag="337"><subfield code="b">n</subfield><subfield code="2">rdamedia</subfield></datafield><datafield ind1=" " ind2=" " tag="338"><subfield code="b">nc</subfield><subfield code="2">rdacarrier</subfield></datafield><datafield ind1=" " ind2=" " tag="500"><subfield code="a">Enthält die Europäische Menschenrechtskonvention und die Protokolle Nummer 1, 4, 6, 7</subfield></datafield><datafield ind1=" " ind2=" " tag="504"><subfield code="a">Literaturverzeichnis S. XXIX-XXXVIII</subfield></datafield><datafield ind1="2" ind2="7" tag="610"><subfield code="a">Europarat</subfield><subfield code="b">Kommission für Menschenrechte</subfield><subfield code="0">(DE-588)37220-1</subfield><subfield code="2">gnd</subfield></datafield><datafield ind1="2" ind2="7" tag="610"><subfield code="a">Europarat</subfield><subfield code="b">Ministerrat</subfield><subfield code="0">(DE-588)1021312-0</subfield><subfield code="2">gnd</subfield></datafield><datafield ind1="2" ind2="7" tag="610"><subfield code="a">Europäischer Gerichtshof für Menschenrechte</subfield><subfield code="0">(DE-588)1003803-6</subfield><subfield code="2">gnd</subfield></datafield><datafield ind1="2" ind2="7" tag="611"><subfield code="a">Convention européenne des droits de l'homme</subfield><subfield code="d">1950</subfield><subfield code="c">Rome</subfield><subfield code="0">(RERO)A010068606</subfield><subfield code="2">rero</subfield></datafield><datafield ind1="0" ind2="0" tag="630"><subfield code="a">Convention for the Protection of Human Rights and Fundamental Freedoms</subfield></datafield><datafield ind1="0" ind2="7" tag="630"><subfield code="a">Europäische Menschenrechtskonvention</subfield><subfield code="f">1950 November 4</subfield><subfield code="0">(DE-588)4015727-1</subfield><subfield code="2">gnd</subfield></datafield><datafield ind1=" " ind2="0" tag="650"><subfield code="a">Human rights</subfield><subfield code="z">Europe</subfield></datafield><datafield ind1=" " ind2="0" tag="650"><subfield code="a">Human rights</subfield><subfield code="z">Switzerland</subfield></datafield><datafield ind1=" " ind2="7" tag="650"><subfield code="a">MENSCHENRECHTE (INTERNATIONALES RECHT)</subfield><subfield code="9">ger</subfield><subfield code="0">(ETHUDK)000011031</subfield><subfield code="2">ethudk</subfield></datafield><datafield ind1=" " ind2="7" tag="650"><subfield code="a">SCHWEIZ (MITTELEUROPA). SCHWEIZERISCHE EIDGENOSSENSCHAFT</subfield><subfield code="9">ger</subfield><subfield code="0">(ETHUDK)000004571</subfield><subfield code="2">ethudk</subfield></datafield><datafield ind1=" " ind2="7" tag="650"><subfield code="a">Europarecht</subfield><subfield code="0">(DE-588)4153206-5</subfield><subfield code="2">gnd</subfield></datafield><datafield ind1=" " ind2="7" tag="650"><subfield code="a">Menschenrecht</subfield><subfield code="0">(DE-588)4074725-6</subfield><subfield code="2">gnd</subfield></datafield><datafield ind1=" " ind2="7" tag="650"><subfield code="a">Rechtsanwendung</subfield><subfield code="0">(DE-588)4048765-9</subfield><subfield code="2">gnd</subfield></datafield><datafield ind1=" " ind2="7" tag="650"><subfield code="a">Rechtsprechung</subfield><subfield code="0">(DE-588)4115710-2</subfield><subfield code="2">gnd</subfield></datafield><datafield ind1=" " ind2="7" tag="650"><subfield code="a">Droits de l'homme</subfield><subfield code="0">(IDREF)027466957</subfield><subfield code="2">idref</subfield></datafield><datafield ind1=" " ind2="7" tag="650"><subfield code="a">EMRK</subfield><subfield code="9">ger</subfield><subfield code="0">(RERO)jurivoc000006844ger</subfield><subfield code="2">jurivoc</subfield></datafield><datafield ind1=" " ind2="7" tag="650"><subfield code="a">Europäischer Gerichtshof für Menschenrechte</subfield><subfield code="9">ger</subfield><subfield code="0">(RERO)jurivoc000007681ger</subfield><subfield code="2">jurivoc</subfield></datafield><datafield ind1=" " ind2="7" tag="650"><subfield code="a">Grundrecht</subfield><subfield code="9">ger</subfield><subfield code="0">(RERO)jurivoc000010415ger</subfield><subfield code="2">jurivoc</subfield></datafield><datafield ind1=" " ind2="7" tag="650"><subfield code="a">Individualbeschwerde</subfield><subfield code="9">ger</subfield><subfield code="0">(RERO)jurivoc000011647ger</subfield><subfield code="2">jurivoc</subfield></datafield><datafield ind1=" " ind2="7" tag="650"><subfield code="a">Organisation(Verfahren)</subfield><subfield code="9">ger</subfield><subfield code="0">(RERO)jurivoc000016631ger</subfield><subfield code="2">jurivoc</subfield></datafield><datafield ind1=" " ind2="7" tag="650"><subfield code="a">richterliche Behörde</subfield><subfield code="9">ger</subfield><subfield code="0">(RERO)jurivoc000018932ger</subfield><subfield code="2">jurivoc</subfield></datafield><datafield ind1=" " ind2="7" tag="651"><subfield code="a">Schweiz</subfield><subfield code="0">(DE-588)4053881-3</subfield><subfield code="2">gnd</subfield></datafield><datafield ind1=" " ind2="7" tag="651"><subfield code="a">Suisse</subfield><subfield code="0">(IDREF)027249654</subfield><subfield code="2">idref</subfield></datafield><datafield ind1=" " ind2="7" tag="655"><subfield code="a">Lehrbuch</subfield><subfield code="2">gnd-content</subfield></datafield><datafield ind1=" " ind2="7" tag="655"><subfield code="a">Manuels d'enseignement</subfield><subfield code="0">(IDREF)027446514</subfield><subfield code="2">idref</subfield></datafield><datafield ind1=" " ind2="7" tag="655"><subfield code="a">Grundlagenwerk</subfield><subfield code="9">ger</subfield><subfield code="2">jurivoc</subfield></datafield><datafield ind1=" " ind2=" " tag="690"><subfield code="a">Garantie; Bundesgericht; Verfassungsgericht; europäischer Gerichtshof; Verwaltungsgericht; Untersuchungshaft; Strafverfahren; Verbot; Menschenrechte; Gesetz; Völkerrecht; Beschwerde; Kündigung; Absatz; Einleitung; Entscheidung; Behandlung; Rechtsordnung; Urteil; Kriterium; Kontrolle; Praxis; Anforderung; Auslegung; Berechnung; Protokoll; Rechtsschutz; Konvention; Verurteilung; Berichterstattung</subfield><subfield code="2">idssg-J</subfield></datafield><datafield ind1=" " ind2=" " tag="690"><subfield code="a">Individualbeschwerde; Zusatzprotokoll; Reformbestrebung; Verfahrensgarantie; Haftprüfung; Menschenrechtskonvention; Menschenrechtsschutz; Ministerkomitee; Schlussbericht; Staatenbeschwerde; Eigentumsgarantie; Kantonsverfassung; Kontrollfunktion; Prüfungsbefugnis; Rechtslage; Schadenersatzforderung; Unschuldsvermutung; Urteilsverkündung; Abkürzungsverzeichnis; Beschwerderecht; Beweisrecht; Gerichtsurteil; Instanzformel; Kontrollverfahren; Literaturverzeichnis; Menschenrechtskommission; Normenkontrolle; Offizialmaxime; Offizialverteidigung; Steuerstrafverfahren; Verwaltungsgerichtsbeschwerde; Vollstreckungsverfahren; Zivilverfahren; Zulässigkeitsverfahren; Übertretungsstrafrecht; Auslieferungshaft; Ehefreiheit; Meinungsäußerungsfreiheit; Pattsituation; Prozessfähigkeit; Religionsfreiheit; Strafhaft; Tatverdacht; Vereinigungsfreiheit; Waffengleichheit; Gewerbetätigkeit; Instanzenzug; Pflichtarbeit; Reformvorschlag; Teilnahme; Verwaltungsakt; Berufungsinstanz; Beschwerdeführer; Beschwerdegegner; Familienleben; Gemeinwesen; Gerichtsinstanz; Hilfsmittel; Inhaltsübersicht; Kostenersatz; Opfereigenschaft; Presseberichterstattung; Rechtsbereich; Rechtsweg; Revisionsgrund; Stellungnahme; Titularprofessor; Vertragspflicht; Zitierweise; Zulässigkeitsvoraussetzung</subfield><subfield code="2">idssg-J</subfield></datafield><datafield ind1=" " ind2=" " tag="690"><subfield code="a">andere Instanz; anderes Rechtsmittel; anderer Vertrag; autonome Auslegung; konkrete Normenkontrolle; zeitliche Zuständigkeit; abstrakte Normenkontrolle; aktuelles Problem; allgemeine Anforderung; allgemeiner Grundsatz; amtlicher Verteidiger; andere Form; anderer Text; angemessene Dauer; anonyme Beschwerde; anwaltliche Vertretung; auslegende Erklärung; besondere Berücksichtigung; besondere Frage; besondere Garantie; besonderes Recht; bundesgerichtliches Verfahren; bundesrechtliches Rechtsmittel; effektive Ausschöpfung; effektives Rechtsmittel; effektive Verteidigung; eidgenössischer Rat; eigenständige Rechtsfrage; einzelner Aspekt; einzelner Rechtsbereich; erniedrigende Behandlung; erniedrigende Strafe; europäische Menschenrechtskommission; europäische Menschenrechtskonvention; faires Gerichtsverfahren; fehlend EMRKVerletzung; fehlende Opfereigenschaft; frühe Beschwerde; frühe Praxis; gesetzliche Grundlage; gewöhnliche Bedeutung; grundlegende Reform; gütliche Regelung; heutiges System; indirekte Wirkung; innerstaatliche Bestimmung; innerstaatliche Geltendmachung; innerstaatlicher Rechtsweg; innerstaatliches Verfahren; innerstaatliche Vorschrift; internationale Instanz; internationaler Menschenrechtsschutz; kantonaler Rechtsweg; kantonal Ündentscheides; konventionswidriges Gerichtsurteil; konventionswidriges Gesetz; konventionswidriger Verwaltungsakt; materielle Garantie; materielles Recht; maßgebliches Kriterium; maßgebliche Periode; meritorisches Verfahren; mündliches Verfahren; negatorischer Charakter; neue Entwicklung; nichteffektives Rechtsmittel; objektiver Charakter; pauschale Unbegründetheit; persönliche Anwesenheit; persönliche Befragung; persönlicher Geltungsbereich; persönliche Teilnahme; polygrafisches Zürich; ratifizierter Vertrag; richterlicher Beamter; richterliche Haftprüfung; richterliche Vorführung; sachlicher Geltungsbereich; sachliche Zuständigkeit</subfield><subfield code="2">idssg-J</subfield></datafield><datafield ind1=" " ind2=" " tag="690"><subfield code="a">schriftliches Verfahren; schweizer Behörde; schweizer Fall; schweizerisches Bundesgericht; schweizerische Initiative; schweizerische Rechtslage; schweizerische Rechtsordnung; staatsrechtliche Beschwerde; subsidiärer Charakter; unentgeltlicher Dolmetscher; unentgeltliche Rechtspflege; ungenügend Substantiierung; unmenschliche Behandlung; unmenschliche Strafe; unmittelbare Anwendbarkeit; unverzügliche Vorführung; vierte Instanzformel; vorsorgliche Kündigung; vorsorgliche Maßnahme; völkerrechtliche Auslegung; völkerrechtlicher Vertrag; weiterer Fall; weiterer Reformvorschlag; wirksame Ausschöpfung; wirksame Beschwerde; zeitlicher Geltungsbereich; zivilrechtlicher Charakter; öffentliche Urteilsverkündung; öffentliche Verhandlung; örtlicher Geltungsbereich</subfield><subfield code="2">idssg-J</subfield></datafield><datafield ind1=" " ind2=" " tag="690"><subfield code="a">Schweiz C4EXSI; China C9CHIN</subfield><subfield code="2">idssg-J</subfield></datafield><datafield ind1=" " ind2=" " tag="690"><subfield code="a">Abschiebungs Auslieferungshaft Abs.; ander Texte Konventionen; anwaltlich Vertretung Abs.; Behandlung Strafe Art.; Bundesgericht Revision Wiederaufnahme; Dr. Dietrich Schindler; Dr.iur. Referatsleiter; EMRKwidrige Haft Abs.; europäisch Menschenrechtskommission Titularprofessor; fehlend Opfereigenschaft Beschwer; Geltung Rang Anwendbarkeit; Gewissen Religionsfreiheit Art.; Inhaftnahme Minderjähriger Abs.; innerstaatlich Verfahren Gesetz; Kranker Landstreichern Abs.; Mark Villiger; Professor Dr. Dietrich Schindler; Professor Dr. Dietrich Schindler Universität Zürich Schulthess; Teil Materielle Garantien; Teil Zulässigkeit Prüfung; unentgeltlich Dolmetscher Abs.; Versammlungs Vereinigungsfreiheit Art.; vorsorglich Massnahmen Art</subfield><subfield code="2">idssg-J</subfield></datafield><datafield ind1=" " ind2=" " tag="690"><subfield code="a">Menschenrechtskonvention, Europäische &amp; Schweiz</subfield><subfield code="2">rzs-L1</subfield></datafield><datafield ind1=" " ind2=" " tag="690"><subfield code="a">Menschenrechte, B: Menschenrechtskonvention, Europäische &amp; Schweiz</subfield><subfield code="2">rzs-L1</subfield></datafield><datafield ind1=" " ind2=" " tag="690"><subfield code="a">Schweiz &amp; Menschenrechtskonvention, Europäische</subfield><subfield code="2">rzs-L1</subfield></datafield><datafield ind1=" " ind2=" " tag="690"><subfield code="a">Recht. Schweiz &amp; Menschenrechtskonvention, Europäische</subfield><subfield code="2">rzs-L1</subfield></datafield><datafield ind1=" " ind2=" " tag="690"><subfield code="a">Europäische Menschenrechtskonvention: CH: Lehrbuch</subfield><subfield code="2">uzb-Z6</subfield></datafield><datafield ind1=" " ind2=" " tag="690"><subfield code="a">CH: Europäische Menschenrechtskonvention: Lehrbuch</subfield><subfield code="2">uzb-Z6</subfield></datafield><datafield ind1=" " ind2=" " tag="691"><subfield code="e">PD 18.2</subfield><subfield code="2">rzs-L1</subfield></datafield><datafield ind1=" " ind2=" " tag="691"><subfield code="e">PD 18.2 CH</subfield><subfield code="2">rzs-L1</subfield></datafield><datafield ind1="1" ind2=" " tag="700"><subfield code="a">Villiger, Mark Eugen</subfield><subfield code="d">1950-....</subfield><subfield code="0">(IDREF)050510398</subfield><subfield code="4">cre</subfield></datafield><datafield ind1="1" ind2=" " tag="700"><subfield code="a">Schindler, Dietrich</subfield><subfield code="d">1924-2018</subfield><subfield code="0">(DE-588)118915525</subfield><subfield code="4">wpr</subfield></datafield><datafield ind1="4" ind2=" " tag="856"><subfield code="u">http://www.medienverbund-phsg.ch/phsgscans/hr70013509.pdf</subfield><subfield code="z">Inhaltsverzeichnis</subfield></datafield><datafield ind1=" " ind2=" " tag="949"><subfield code="a">http://www.medienverbund-phsg.ch/phsgscans/hr70013509.pdf</subfield></datafield></record>
</metadata></record>