<record><header><identifier>oai:alma.41SLSP_UGE:991000045189705502</identifier><datestamp>2023-05-20T00:12:39Z</datestamp><setSpec>uge_bcen_RapidILL_BOOK</setSpec><setSpec>uge_aaca_RapidILL_BOOK</setSpec><setSpec>uge_abels_RapidILL_BOOK</setSpec><setSpec>uge_dbu_RapidILL_BOOK</setSpec><setSpec>uge_cmu_RapidILL_BOOK</setSpec><setSpec>uge_mail_RapidILL_BOOK</setSpec><setSpec>uge_abbat_RapidILL_BOOK</setSpec><setSpec>UNIGE_ALL</setSpec><setSpec>uge_acar_RapidILL_BOOK</setSpec><setSpec>uge_aobs_RapidILL_BOOK</setSpec></header><metadata>
<record xmlns="http://www.loc.gov/MARC21/slim" xmlns:xsi="http://www.w3.org/2001/XMLSchema-instance" xsi:schemaLocation="http://www.loc.gov/MARC21/slim http://www.loc.gov/standards/marcxml/schema/MARC21slim.xsd"><leader>02898nam a2200661 c 4500</leader><controlfield tag="001">991000045189705502</controlfield><controlfield tag="005">20230519152327.0</controlfield><controlfield tag="008">201012s2013    ne ||||| |||| 00| ||eng d</controlfield><datafield ind1=" " ind2=" " tag="010"><subfield code="a">2013018482</subfield></datafield><datafield ind1=" " ind2=" " tag="020"><subfield code="a">9789027203038</subfield><subfield code="q">hb : alk. paper</subfield></datafield><datafield ind1=" " ind2=" " tag="020"><subfield code="a">9027203032</subfield><subfield code="q">hb : alk. paper</subfield></datafield><datafield ind1=" " ind2=" " tag="020"><subfield code="z">9789027271693</subfield><subfield code="q">eb</subfield></datafield><datafield ind1=" " ind2=" " tag="035"><subfield code="a">(swissbib)241101247-41slsp_network</subfield></datafield><datafield ind1=" " ind2=" " tag="035"><subfield code="a">241101247</subfield><subfield code="9">ExL</subfield></datafield><datafield ind1=" " ind2=" " tag="035"><subfield code="a">(RERO)R007522770-41slsp</subfield></datafield><datafield ind1=" " ind2=" " tag="035"><subfield code="a">(IDSBB)006199464DSV01</subfield></datafield><datafield ind1=" " ind2=" " tag="035"><subfield code="a">(NEBIS)009930967EBI01</subfield></datafield><datafield ind1=" " ind2=" " tag="035"><subfield code="a">(OCoLC)844074020</subfield></datafield><datafield ind1=" " ind2=" " tag="035"><subfield code="a">(EXLNZ-41SLSP_NETWORK)991000284039705501</subfield></datafield><datafield ind1=" " ind2=" " tag="040"><subfield code="a">DLC</subfield><subfield code="d">CH-ZuSLS</subfield></datafield><datafield ind1="0" ind2=" " tag="041"><subfield code="a">eng</subfield></datafield><datafield ind1=" " ind2=" " tag="044"><subfield code="a">ne</subfield></datafield><datafield ind1=" " ind2=" " tag="050"><subfield code="a">P118.2</subfield><subfield code="b">.L455 2013</subfield></datafield><datafield ind1=" " ind2="7" tag="072"><subfield code="a">lg</subfield><subfield code="2">rero</subfield></datafield><datafield ind1="0" ind2="4" tag="082"><subfield code="a">401/.93</subfield><subfield code="2">23</subfield></datafield><datafield ind1=" " ind2=" " tag="084"><subfield code="a">ER 925</subfield><subfield code="2">rvk</subfield></datafield><datafield ind1="1" ind2=" " tag="100"><subfield code="a">Lenzing, Anke</subfield><subfield code="0">(IDREF)194675289</subfield><subfield code="4">aut</subfield></datafield><datafield ind1="1" ind2="0" tag="245"><subfield code="a">&lt;&lt;The&gt;&gt; development of the grammatical system in early second language acquisition</subfield><subfield code="b">the multiple constraints hypothesis</subfield><subfield code="c">Anke Lenzing, University of Paderborn</subfield></datafield><datafield ind1=" " ind2="1" tag="264"><subfield code="a">Amsterdam, The Netherlands</subfield><subfield code="a">Philadelphia</subfield><subfield code="b">John Benjamins Publishing Company</subfield><subfield code="c">[2013]</subfield></datafield><datafield ind1=" " ind2=" " tag="300"><subfield code="a">xx, 280 p.</subfield><subfield code="b">ill.</subfield></datafield><datafield ind1=" " ind2=" " tag="336"><subfield code="b">txt</subfield><subfield code="2">rdacontent</subfield></datafield><datafield ind1=" " ind2=" " tag="337"><subfield code="b">n</subfield><subfield code="2">rdamedia</subfield></datafield><datafield ind1=" " ind2=" " tag="338"><subfield code="b">nc</subfield><subfield code="2">rdacarrier</subfield></datafield><datafield ind1="1" ind2=" " tag="490"><subfield code="a">Processability approaches to language acquisition research &amp; teaching (PALART)</subfield><subfield code="v">vol. 3</subfield></datafield><datafield ind1=" " ind2=" " tag="502"><subfield code="a">Diss. Univ. Paderborn 2011</subfield></datafield><datafield ind1=" " ind2=" " tag="504"><subfield code="a">Includes bibliographical references (pages 257-271) and indexes.</subfield></datafield><datafield ind1=" " ind2="7" tag="650"><subfield code="a">Acquisition linguistique</subfield><subfield code="0">(IDREF)028624238</subfield><subfield code="2">idref</subfield></datafield><datafield ind1=" " ind2="7" tag="650"><subfield code="a">Grammaire</subfield><subfield code="0">(IDREF)02863165X</subfield><subfield code="2">idref</subfield></datafield><datafield ind1=" " ind2="7" tag="650"><subfield code="a">Langues vivantes</subfield><subfield code="0">(IDREF)027343553</subfield><subfield code="2">idref</subfield></datafield><datafield ind1=" " ind2="7" tag="650"><subfield code="a">Enfants</subfield><subfield code="0">(IDREF)027233278</subfield><subfield code="2">idref</subfield></datafield><datafield ind1=" " ind2="7" tag="650"><subfield code="a">Bilinguisme</subfield><subfield code="0">(IDREF)02722130X</subfield><subfield code="2">idref</subfield></datafield><datafield ind1=" " ind2="7" tag="650"><subfield code="a">Étude et enseignement</subfield><subfield code="0">(IDREF)027789853</subfield><subfield code="2">idref</subfield></datafield><datafield ind1=" " ind2="7" tag="650"><subfield code="a">Langue maternelle et langue seconde (enseignement des langues)</subfield><subfield code="0">(IDREF)027430189</subfield><subfield code="2">idref</subfield></datafield><datafield ind1=" " ind2="7" tag="650"><subfield code="a">Lexikalisch funktionale Grammatik</subfield><subfield code="0">(DE-588)4278144-9</subfield><subfield code="2">gnd</subfield></datafield><datafield ind1=" " ind2="0" tag="650"><subfield code="a">Bilingualism in children</subfield></datafield><datafield ind1=" " ind2="0" tag="650"><subfield code="a">Children</subfield><subfield code="x">Language</subfield></datafield><datafield ind1=" " ind2="0" tag="650"><subfield code="a">Language arts (Early childhood)</subfield></datafield><datafield ind1=" " ind2="0" tag="650"><subfield code="a">Second language acquisition</subfield><subfield code="x">Study and teaching</subfield></datafield><datafield ind1=" " ind2="7" tag="650"><subfield code="a">Kind</subfield><subfield code="0">(DE-588)4030550-8</subfield><subfield code="2">gnd</subfield></datafield><datafield ind1=" " ind2="7" tag="650"><subfield code="a">Fremdsprachenlernen</subfield><subfield code="0">(DE-588)4071461-5</subfield><subfield code="2">gnd</subfield></datafield><datafield ind1=" " ind2="7" tag="650"><subfield code="a">Grammatik</subfield><subfield code="0">(DE-588)4021806-5</subfield><subfield code="2">gnd</subfield></datafield><datafield ind1=" " ind2="7" tag="655"><subfield code="a">Hochschulschrift</subfield><subfield code="2">gnd-content</subfield></datafield><datafield ind1="4" ind2=" " tag="856"><subfield code="3">Titelblatt und Inhaltsverzeichnis</subfield><subfield code="u">https://toc.library.ethz.ch/objects/pdf03/z01_978-90-272-0303-8_01.pdf</subfield><subfield code="q">pdf</subfield></datafield><datafield ind1=" " ind2="0" tag="830"><subfield code="a">Processability approaches to language acquisition research &amp; teaching</subfield><subfield code="v">3</subfield><subfield code="w">(IDSBB)005688231DSV01</subfield></datafield><datafield ind1=" " ind2="0" tag="830"><subfield code="a">Processability approaches to language acquisition research &amp; teaching</subfield><subfield code="v">3</subfield><subfield code="w">(RERO)R007527936-41slsp</subfield></datafield><datafield ind1=" " ind2=" " tag="900"><subfield code="a">REROnoselfmerge</subfield></datafield><datafield ind1=" " ind2=" " tag="900"><subfield code="a">IDSZ2zbzmon201310f</subfield><subfield code="c">IDSZ2kobe</subfield><subfield code="d">IDSZ2zbzswk201310b</subfield><subfield code="e">IDSZ2kara</subfield></datafield><datafield ind1=" " ind2=" " tag="910"><subfield code="a">LOC</subfield><subfield code="b">20131030</subfield><subfield code="c">Droits réservés</subfield></datafield><datafield ind1=" " ind2=" " tag="949"><subfield code="a">https://toc.library.ethz.ch/objects/pdf03/z01_978-90-272-0303-8_01.pdf</subfield></datafield></record>
</metadata></record>